5317 6609
1443 713 1651 734 m

731 845 791 912 sui
812 845 981 914 conciliere
1001 845 1137 930 pecunie
1158 843 1335 930 cogitobut,
1361 857 1482 929 eosque
1504 843 1544 911 ed
1564 843 1678 913 urbem
1700 841 1860 916 adducere
1880 843 1967 916 etto
1988 841 2303 916 mulebrunensis
2331 841 2416 912 col·

732 967 848 1033 locere.
877 983 1015 1049 comper.
1035 965 1117 1031 Pbil.
1137 965 1175 1045 5,
1196 961 1227 1032 8.

854 1084 1028 1164 Antonius,
1053 1088 1090 1149 ut
1111 1084 1208 1152 linem
1229 1082 1429 1167 propositum
1458 1099 1499 1147 eo
1528 1081 1620 1148 citius
1642 1088 1876 1168 assequeretur,
1896 1081 1946 1149 sel
1964 1083 2139 1148 'muimcm
2162 1077 2413 1148 crudelitatem
2483 1097 2484 1100 ’

731 1201 891 1278 exercuit,
932 1219 1005 1269 nom
1040 1220 1140 1286 quum
1166 1200 1382 1267 Brundusium
1410 1201 1564 1279 venisset,
1600 1203 1637 1266 ιιι
1664 1199 1707 1266 ibi
1743 1219 1839 1285 supro
1865 1201 2041 1268 nominatos
2077 1205 2214 1284 quotuor
2239 1198 2411 1282 legiones

730 1319 866 1406 pecunie
886 1319 945 1386 sibi
967 1321 1169 1404 adiungeret,
1207 1318 1361 1384 militibus
1384 1313 1533 1385 centenus
1555 1316 1719 1382 drecbmcs
1742 1319 1905 1401 promisit,
1932 1335 2073 1402 sperans,
2095 1317 2163 1384 lore
2183 1319 2221 1382 ιιι
2240 1315 2410 1400 legiones

730 1437 937 1505 libentissime
958 1456 995 1505 se
1015 1441 1236 1521 sequerentur.
1273 1434 1382 1515 Quum
1404 1453 1479 1502 vero
1501 1437 1570 1519 ejus
1590 1435 1754 1516 promissis
1775 1434 1918 1518 legiones
1939 1433 2127 1502 fortissimus
2148 1433 2407 1514 reclamassent,

732 1557 862 1624 domum
883 1557 924 1624 od
944 1575 980 1623 se
994 1557 1103 1623 venire
1121 1555 1451 1638 innotescemus,
1475 1573 1555 1640 quos
1570 1553 1653 1618 bene
1667 1553 1708 1619 (le
1722 1553 1884 1638 republica
1898 1553 2016 1620 sentire
2032 1556 2238 1638 cognoverat,
2260 1569 2406 1638 eosque

734 1675 921 1760 antepedes
936 1693 1011 1740 suos
1025 1674 1200 1756 uxorisque
1213 1691 1306 1751 sune,
1329 1692 1424 1757 quum
1438 1689 1548 1739 secum
1563 1673 1664 1756 grevis
1679 1672 1853 1756 imperetur
1866 1671 1906 1738 nd
1927 1672 2104 1737 exercitum
2126 1672 2273 1749 duxmct,
2290 1670 2405 1755 iugu-

731 1794 790 1859 lun‘
805 1793 920 1876 coligit.
933 1791 1015 1856 Pbil.
1028 1790 1067 1870 5,
1087 1787 1121 1868 8,
1144 1795 1177 1856 et
1189 1790 1269 1857 Pbil.
1284 1789 1323 1872 s,
1343 1791 1374 1857 2.
1397 1809 1500 1876 comp.
1515 1793 1555 1856 ed
1568 1789 1662 1856 nolo.
1679 1789 1728 1869 lb,
1743 1787 1774 1858 8.
1823 1787 1970 1870 Quotuor
1984 1789 2056 1855 illue
2070 1789 2224 1872 legiones,
2244 1807 2334 1874 quoe
2351 1805 2404 1856 ex

731 1911 930 1988 blnecdouie,
951 1909 1007 1974 ubi
1022 1927 1076 1975 ees
1090 1907 1207 1977 (loessr
1221 1910 1408 1988 collocaret,
1430 1909 1582 1976 duetums
1597 1910 1630 1975 in
1644 1909 1795 1988 Parthos,
1817 1909 1932 1994 quibus
1947 1908 2065 1975 inferre
2079 1907 2199 1974 bellum
2214 1907 2401 1992 mpubet,

731 2028 906 2098 inltnlinm
926 2030 1137 2106 reverterent,
1172 2026 1302 2093 luemnt
1328 2026 1495 2107 blurtie,
1524 2025 1698 2108 Quertu,
1726 2027 1934 2107 Secunde,
1963 2025 2194 2111 'trigesime
2223 2026 2398 2110 quintu,

733 2163 869 2231 quorum
890 2144 972 2210 duee
999 2144 1148 2211 blnrtie
1184 2149 1218 2212 et
1246 2143 1401 2223 Quurtu
1429 2145 1602 2210 Antonium
1624 2163 1689 2212 uon
1717 2152 1847 2213 secutus
1868 2150 1943 2212 sunt
1969 2163 2070 2229 oeque
2092 2143 2267 2212 omnmo
2288 2144 2399 2212 undi-

732 2267 858 2334 derunt
879 2262 939 2328 vid.
968 2263 1008 2329 nd
1035 2263 1130 2328 lumil.
1161 2263 1218 2340 11,
1239 2262 1269 2329 l.
1321 2260 1450 2346 „eaput
1469 2267 1577 2327 nutem
1605 2267 1655 2328 est
1681 2263 1760 2342 boc,
1789 2265 1876 2348 quod
1895 2269 1929 2330 te
1956 2263 2195 2350 diligentissime
2216 2264 2397 2348 percipere

742 2389 795 2471 „et
815 2383 999 2452 meminisse
1019 2383 1132 2459 velim,
1159 2385 1249 2447 utne
1262 2413 1362 2429 --
1374 2380 1520 2446 homines
1540 2381 1693 2460 rusticos.
1715 2381 1773 2449 sed
1794 2382 1981 2450 lectissimos
2001 2384 2103 2464 viros,
2125 2383 2275 2468 ciuesque
2298 2384 2392 2467 opti·

739 2521 846 2590 ,mos,
875 2501 1040 2567 dementes
1061 2499 1159 2566 uisse
1178 2499 1318 2582 jndices,
1345 2500 1484 2582 primum
1498 2497 1614 2566 milites
1628 2504 1810 2579 veteranos,
1839 2499 2071 2570 commilitones
2092 2507 2180 2583 tuoe,
2209 2501 2327 2570 deinde
2342 2502 2395 2570 le-

740 2622 888 2707 ¹‚gionem
908 2617 1074 2696 lienium,
1095 2617 1255 2700 legionem
1276 2621 1435 2700 quartam,
1457 2633 1539 2701 qune
1553 2634 1646 2682 suum
1662 2616 1825 2684 consulem
1847 2615 2100 2706 (Antonium)
2121 2619 2247 2692 bosen
2264 2619 2394 2703 judicu-

604 2715 610 2728 ’
737 2741 885 2827 „venun
907 2753 1007 2820 seque
1028 2733 1069 2801 ed
1096 2733 1231 2799 sulutem
1258 2733 1453 2818 reipublicae
1481 2733 1710 2802 defendendum
1741 2733 1980 2804 contulemnt¹¹
2017 2753 2121 2820 comp.
2149 2735 2263 2820 Pbilip.
2292 2735 2333 2818 e,
2355 2735 2391 2804 3.

734 2857 846 2940 Vellei.
867 2826 921 2921 lib.
940 2852 971 2920 2
992 2851 1065 2918 Dio.
1094 2850 1179 2919 Coss.
1206 2850 1267 2939 lib.¹
1280 2851 1339 2918 45.
1401 2850 1555 2938 Reliquae
1577 2853 1659 2920 duee
1680 2854 1700 2920 i.
1723 2873 1751 2921 e.
1774 2854 1913 2921 secundo
1935 2858 1969 2921 ct
1996 2854 2159 2939 trigesime
2186 2854 2297 2939 quintu
2324 2873 2391 2939 pro

736 2997 776 3045 eo
791 2979 900 3044 contm
914 2970 1079 3038 consulem
1091 2970 1226 3037 Punsom
1247 2968 1368 3054 proelio
1381 2970 1553 3038 Mutinensi
1574 2978 1803 3057 pugnavemnt
1824 2972 1886 3039 vid
1914 2971 1955 3040 od
1976 2972 2071 3039 iomil.
2096 2972 2152 3052 10,
2174 2970 2225 3040 ³⁰.
2269 2972 2390 3058 „XVII

738 3092 893 3182 „cotenu
912 3089 1007 3172 lleji,
1043 3107 1109 3173 quo
1136 3088 1188 3155 die
1208 3088 1312 3156 Pensa
1340 3089 1374 3156 in
1403 3089 1511 3156 cestris
1532 3089 1626 3156 llirtii
1649 3095 1719 3158 erut
1739 3092 1882 3174 lotum.
1917 3091 2086 3162 sumnus·
2103 3091 2246 3178 legiones
2271 3063 2390 3166 'eoum

739 3214 844 3299 „due
871 3206 1094 3276 secundem
1122 3213 1156 3274 et
1183 3199 1367 3291 quintum
1394 3207 1678 3294 trigesimum*

861 3329 948 3396 lium
968 3326 1049 3394 boec
1069 3327 1225 3395 Antonius
1247 3328 1327 3412 egit,
1364 3326 1555 3396 Octovienus
1585 3347 1732 3414 quoque,
1765 3333 1804 3398 ut
1824 3327 1985 3398 aemulum
2005 3331 2178 3416 opprimet,
2214 3331 2386 3400 consilium

737 3446 939 3519 suumomni
960 3444 1065 3512 studio
1085 3447 1309 3528 prosequitur:
1330 3446 1475 3530 proiecto
1496 3449 1592 3532 lgltuu
1605 3451 1754 3529 Antonio,
1775 3450 1835 3517 sibi
1858 3451 2032 3516 exercitum
2052 3455 2219 3534 paraturus
2239 3451 2273 3518 ln
2292 3449 2388 3519 (lem

736 3569 864 3656 puniam
884 3565 1096 3648 proficiscitur
1117 3568 1150 3629 et
1169 3565 1308 3648 primum
1328 3570 1513 3648 veteranos,
1548 3569 1603 3652 qui
1624 3567 1753 3637 Casilini
1775 3573 1810 3636 et
1828 3566 1968 3636 Gelotine
1988 3573 2095 3646 crunt,
2130 3569 2251 3653 ingenti
2271 3573 2386 3652 spect

738 3684 859 3768 ingenti
874 3683 1010 3766 pecunie
1031 3683 1165 3761 excitet,
1184 3701 1275 3763 nem,
1296 3688 1335 3749 ut
1355 3703 1411 3750 eos
1434 3685 1467 3751 in
1486 3702 1560 3752 sues
1581 3689 1687 3770 portes
1708 3685 1864 3764 traheret,
1886 3685 2017 3772 sinlgulis
2030 3687 2220 3770 quingentos
2235 3686 2383 3754 leontos

739 3802 835 3870 dedit
892 3797 1039 3880 Quomm
1060 3800 1243 3884 exemplum
1263 3818 1341 3867 mox
1360 3801 1450 3868 multi
1472 3801 1525 3868 olii
1545 3804 1646 3871 secuti
1668 3805 1757 3886 sunt,
1793 3805 1837 3871 itu
1864 3808 1901 3871 ut
1927 3805 2014 3871 brevi
2036 3821 2185 3888 magnum
2201 3805 2384 3870 ‘exercitum

740 3938 851 3990 secum
871 3917 1021 3997 heberet,
1043 3918 1130 4002 quod
1150 3919 1275 3985 initium
1296 3919 1357 3986 luit
1376 3920 1452 3986 belli
1474 3920 1557 3986 inter
1576 3923 1749 3988 Antonium
1771 3926 1804 3988 et
1825 3920 2043 3992 octovianum
2097 3917 2305 4001 octonum,
2325 3919 2384 4004 qui

741 4041 851 4108 contre
871 4035 959 4121 leges
980 4035 1173 4119 reipublioee
1196 4055 1284 4117 esse,
1319 4038 1407 4122 quod
1426 4037 1565 4120 privetur
1587 4041 1762 4106 exercitum
1782 4037 1930 4116 heberet,
1950 4027 2172 4120 'intelligebnt,
2201 4037 2241 4103 'nd
2261 4039 2383 4107 emices

740 4155 894 4224 libertatis
915 4172 950 4219 se
973 4155 1122 4234 contulit,
1157 4158 1194 4221 ut
1215 4161 1343 4222 senatus
1365 4175 1477 4223 eorum
1498 4157 1615 4224 auxilio
1635 4163 1799 4242 permotus
1821 4175 1862 4222 co
1882 4154 2031 4225 libentius
2052 4153 2121 4238 ejus
2141 4161 2289 4258 suscepto
2307 4173 2384 4240 pro·

739 4275 832 4342 beret
845 4272 901 4340 et
892 4271 1060 4355 imperium
1075 4276 1185 4337 contm
1197 4275 1371 4340 Antonium
1386 4276 1417 4340 ei
1432 4275 1652 4342 committeret
1687 4273 1797 4354 Quum
1810 4273 1894 4339 bene
1908 4272 2018 4350 sciret
2028 4276 2177 4356 quonum
2190 4271 2253 4339 vim
2268 4271 2382 4342 Cicero

740 4396 775 4460 in
796 4410 906 4458 omnes
920 4389 1068 4467 heberet,
1096 4393 1268 4474 proecipue
1282 4393 1323 4458 ed
1337 4393 1425 4459 illum
1440 4394 1551 4460 oeulos
1564 4393 1657 4462 vertit
1670 4410 1809 4476 cumque
1829 4394 1864 4455 et
1883 4407 1942 4473 per
1962 4389 2111 4474 epistolas
2132 4394 2166 4456 et
2184 4407 2244 4474 per
2263 4392 2384 4459 emices
2483 4413 2484 4416 ¹

742 4529 942 4581 commovere
964 4513 1095 4575 conotus
1110 4514 1174 4588 est,
1196 4516 1233 4578 ut
1245 4512 1379 4578 llomem
1391 4515 1513 4580 rediret
1526 4528 1626 4594 seque
1640 4515 1749 4576 contm
1761 4507 1955 4593 reipublicae
1969 4507 2094 4575 bostem
2107 4507 2294 4575 munium
2290 4508 2383 4593 odju-

741 4635 844 4707 neret,
875 4644 950 4692 nem
971 4645 1006 4692 se
1028 4627 1147 4712 ubique
1169 4629 1242 4710 ejus
1259 4631 1389 4696 consiliu
1411 4637 1595 4697 secuturum
1616 4644 1687 4696 esse
1707 4627 1924 4713 pollicebatur.
1967 4625 2080 4694 Cicero
2102 4625 2141 4692 ub
2162 4625 2263 4705 initio,
2284 4627 2380 4695 Octo·
2483 4685 2484 4706 ,

740 4744 952 4814 etmenden
972 4743 1149 4811 babendum
1171 4765 1252 4826 esse,
1273 4767 1340 4816 non
1362 4751 1495 4816 credidit
1514 4748 1685 4833 praecipue
1707 4764 1746 4813 ee
1767 4744 1807 4812 de
1822 4761 1931 4825 ceusu,
1954 4743 2041 4829 quod
2054 4742 2108 4810 ille
2122 4743 2265 4813 canem
2285 4745 2380 4810 inter·

744 4864 915 4935 lectoribus
929 4863 1060 4931 minirum
1074 4863 1178 4934 tencre
1192 4872 1317 4950 posset,
1339 4870 1447 4956 itaque
1462 4887 1536 4938 cum
1551 4865 1697 4953 adjuvere
1713 4863 1769 4934 diu
1781 4863 1940 4932 eumne
1955 4862 2015 4932 nid
2030 4862 2071 4930 ud
2083 4862 2178 4932 Attio.
2192 4861 2246 4930 lib.
2263 4859 2312 4943 lb,
2330 4863 2376 4930 ll.
