5317 6609
1433 695 1639 718 m

715 829 837 914 ,nm
857 827 958 896 com.
1000 823 1140 894 rmore
1160 823 1308 910 omos,
1335 821 1550 892 muntem
1571 824 1699 904 cmm,
1719 825 1876 911 mmmm
1897 827 2053 898 nuum
2073 803 2270 910 ιιιιιιιιιι,
2298 845 2357 900 sx-

715 949 827 1034 ,sulcs
840 947 1051 1022 reducuntur,
1073 948 1200 1011 senstus
1214 942 1359 1010 consulta
1378 940 1570 1022 aeternnm,
1590 949 1628 1012 ut
1646 949 1866 1018 unmnnouo
1886 949 1995 1016 odium
2016 951 2093 1016 illud
2114 950 2251 1016 hominis
2265 945 2357 1034 (ilae-

715 1064 830 1152 ,sarisl
851 1069 887 1141 ct
905 1063 1064 1131 servitutis
1085 1061 1177 1128 dolor
1197 1059 1348 1146 depulsus
1369 1077 1441 1131 esse
1462 1060 1621 1143 videatur,
1648 1063 1826 1150 respublica
1848 1068 1954 1150 jreeat
1980 1067 2014 1134 in
2034 1067 2084 1134 luis
2111 1067 2357 1153 permeassen-

716 1186 819 1270 ,lms,
832 1184 873 1250 *iu
893 1199 972 1266 ques
993 1197 1064 1248 eam
1081 1179 1139 1246 illc
1160 1179 1313 1260 coniecit,
1350 1177 1390 1244 ad
1412 1177 1553 1246 lumilinr.
1577 1177 1633 1261 12,
1663 1180 1716 1248 i·
1760 1183 1970 1252 Nihilominus
1991 1183 2104 1256 Cicero
2126 1188 2271 1252 extremo
2291 1181 2357 1252 iroc
2492 1223 2493 1226 =

714 1319 825 1370 mense
836 1301 970 1369 Romam
984 1297 1139 1367 redeundi
1154 1297 1322 1363 consillum
1336 1297 1437 1379 cepit,
1457 1300 1495 1362 ιιι
1508 1295 1647 1364 οιιιιιιιιι
1659 1296 1762 1368 Juniis
1777 1300 1810 1366 in
1829 1305 1960 1380 renutu,
1981 1306 2019 1369 ut
2031 1303 2187 1370 munim
2201 1301 2354 1380 edlxmrl,

715 1422 857 1494 ιιιιιιιιις
878 1419 936 1487 sed
948 1436 1046 1500 ouum
1060 1417 1132 1483 urbi
1146 1414 1429 1499 appropinquaret,
1450 1414 1565 1482 timore
1580 1419 1629 1482 est
1641 1415 1844 1498 perterritus,
1865 1417 1987 1486 secuse
2000 1420 2101 1500 enim,
2121 1419 2235 1486 urbem
2248 1419 2354 1488 militi·
2487 1429 2493 1475 l

716 1541 775 1606 bus
799 1555 871 1606 esse
890 1535 1069 1623 impletam,
1090 1531 1264 1600 Antonium
1284 1549 1359 1598 carm
1379 1547 1491 1616 mogus
1511 1531 1603 1598 turbs
1623 1535 1845 1602 veternorum
1865 1535 1999 1604 rediisse
2019 1537 2167 1618 illiusque
2187 1537 2356 1608 consillum

715 1657 834 1726 beilum
862 1658 1025 1740 spectare,
1054 1650 1094 1716 rb
1119 1649 1230 1717 amicis
1258 1665 1388 1732 qnoque
1414 1649 1535 1728 lllrtio,
1555 1649 1699 1718 Varrone
1719 1649 1853 1736 rliquue
1879 1655 2036 1736 monitu,
2071 1655 2206 1726 mnan
2227 1673 2264 1724 ra
2290 1674 2358 1726 non

715 1775 863 1850 eontulit,
884 1772 942 1840 sed
955 1771 989 1836 in
1002 1766 1216 1835 Tusculsnum
1229 1783 1339 1846 suum,
1360 1785 1386 1832 v.
1401 1766 1442 1833 ad
1454 1767 1549 1833 Atlio.
1562 1766 1615 1834 iib.
1633 1767 1687 1847 15,
1707 1768 1739 1836 ὕ.
1783 1769 1887 1854 ,tint
1907 1789 1984 1840 vero
2005 1771 2213 1840 deliberatum
2234 1777 2299 1853 est,
2319 1778 2360 1844 ut

719 1909 831 1978 ,nnnc
864 1888 996 1970 quidem
1024 1889 1090 1965 ert,
1118 1885 1230 1952 siesse
1258 1886 1297 1952 ab
1319 1902 1359 1952 es
1377 1885 1475 1966 urbe,
1502 1886 1536 1952 in
1564 1901 1626 1968 qua
1646 1903 1712 1954 non
1731 1887 1828 1955 modo
1849 1887 1942 1956 llomi
1970 1907 2044 1956 cum
2072 1907 2213 1971 summa,
2246 1908 2360 1960 rerum

587 2035 591 2040 ⁴
718 2009 842 2095 ,etiam
869 2006 981 2073 securi
1009 2022 1083 2072 cnm
1116 2004 1222 2086 eliqua
1255 2001 1441 2088 monime!
1493 2001 1654 2070 cicerone
1682 2004 1864 2091 exemplum
1892 2006 2036 2090 plerique
2064 2011 2228 2076 curatores
2253 2009 2360 2078 semu

715 2133 806 2204 cunt,
825 2143 901 2194 nam
920 2125 984 2191 vim
1005 2127 1040 2192 et
1059 2123 1188 2190 insidias
1208 2124 1388 2188 metuentes
1408 2127 1540 2207 repente
1561 2122 1769 2208 limigemnt,
1790 2125 1850 2192 vid,
1864 2125 1999 2212 Philipp.
2020 2125 2056 2206 2,
2076 2124 2128 2194 42
2171 2127 2261 2211 ,lstr
2281 2145 2360 2196 vero

719 2261 830 2334 ,onae
850 2245 1022 2324 etournts
1040 2241 1185 2307 ιιιιιιιιιι
1205 2235 1270 2307 esti
1315 2239 1451 2324 Agmine
1480 2241 1631 2322 cundrato
1659 2259 1733 2308 curn
1753 2241 1864 2326 poris
1891 2248 2069 2324 remmon
2088 2244 2221 2312 militer:
2253 2249 2361 2312 scuto-

719 2381 818 2450 ,rum
838 2361 968 2429 locum
995 2359 1116 2444 portari
1135 2357 1289 2424 uidemus.
1306 2389 1352 2406 -
1399 2353 1545 2424 calendis
1565 2355 1682 2436 Juniis,
1709 2373 1807 2438 quum
1828 2358 1861 2424 in
1881 2365 2041 2441 mmmm,
2062 2365 2188 2430 uteret
2208 2365 2361 2432 constitu·

719 2487 831 2572 ,tum,
864 2481 974 2548 venire
1010 2477 1179 2555 vellemus,
1221 2479 1307 2542 meta
1332 2477 1491 2561 perterriti
1519 2478 1651 2559 repente
1679 2475 1895 2560 diffugimus.l
1954 2478 2081 2561 Cicero,
2121 2481 2176 2564 qui
2204 2483 2362 2568 intellige·

719 2605 790 2680 tut,
810 2601 934 2668 Romae
953 2615 1013 2684 pro
1033 2595 1135 2662 auore
1155 2595 1350 2679 reipublicae
1369 2594 1448 2661 nihil
1469 2613 1540 2662 esse
1562 2593 1733 2678 agendum,
1761 2595 1824 2664 iter
1848 2596 1881 2664 in
1903 2595 2084 2678 Grnccism,
2113 2601 2283 2684 quodiam
2303 2601 2361 2669 diu

719 2721 890 2790 meditatus
910 2697 996 2795 erut,
1015 2715 1151 2800 putavit,
1172 2731 1192 2780 e
1213 2712 1392 2780 Tusculano
1413 2713 1508 2800 igitur
1526 2713 1658 2782 Antium
1677 2714 1840 2800 proiectus
1862 2719 1924 2796 cst,
1947 2720 1980 2784 st
1998 2701 2166 2802 poitqnam
2187 2720 2231 2786 nr
2250 2719 2360 2807 plnres

721 2840 792 2906 dies
813 2839 1027 2904 commoratus
1047 2837 1112 2910 ert,
1148 2837 1256 2899 cetera
1283 2833 1380 2898 etiem
1407 2833 1536 2918 praedia
1555 2834 1706 2920 Arpinus,
1734 2835 1953 2917 Formianum,
1981 2835 2192 2936 Puteolanum
2213 2844 2247 2907 et
2265 2839 2359 2908 Pom·

718 2958 870 3044 pejsnum
889 2954 975 3020 vidit
1018 2955 1198 3032 Antequam
1217 2968 1294 3017 vcro
1314 2950 1494 3019 Tusculano
1515 2954 1610 3032 abiit,
1637 2955 1732 3024 tertio
1752 2954 1859 3024 Nonas
1880 2958 2002 3041 vesperi
2024 2976 2042 3025 a
2062 2958 2162 3026 Balbo
2184 2961 2215 3026 ei
2236 2959 2360 3028 litem

721 3075 869 3144 redditae
897 3074 988 3148 sunt,
1022 3070 1092 3137 lore
1118 3067 1218 3135 lionis
1245 3073 1407 3148 sonetum,
1435 3074 1472 3135 ut
1496 3069 1614 3138 Brutus
1646 3073 1679 3140 in
1699 3073 1790 3154 asto,
1826 3071 1952 3142 Cssrius
1980 3075 2012 3140 in
2034 3074 2140 3142 Sicilia
2168 3077 2361 3146 mmmmm
2480 3136 2485 3169 Ι

721 3191 892 3262 emendum
912 3193 947 3256 et
965 3187 1006 3254 sd
1025 3187 1138 3252 urbem
1159 3186 1348 3254 mittendum
1375 3191 1523 3254 curorent
1549 3188 1590 3256 sd
1610 3191 1706 3256 little.
1726 3189 1780 3256 lib.
1806 3189 1860 3268 15,
1888 3191 1924 3270 ll,
1953 3191 1994 3258 ‹le
2016 3209 2078 3274 qua
2098 3211 2134 3260 re
2155 3192 2361 3264 vehomenter

721 3311 900 3394 intimatus
920 3304 996 3384 luit,
1018 3304 1174 3370 exclamet
1192 3305 1299 3370 enim:
1328 3303 1384 3388 ,0
1406 3322 1475 3371 rem
1496 3303 1684 3374 miseruml¹¹
1707 3325 1769 3375 nec
1783 3309 1915 3392 iniustec
1938 3307 2064 3376 Cassius
2080 3313 2164 3378 enim
2180 3316 2215 3379 et
2232 3313 2360 3395 Brutus,
2479 3298 2483 3315 '

722 3429 778 3511 qni
798 3419 964 3511 prsetorca
983 3426 1090 3502 erant,
1118 3423 1296 3502 cutemque
1325 3440 1367 3489 cx
1394 3422 1516 3506 legibus
1543 3442 1608 3490 non
1635 3423 1751 3490 licebat
1778 3425 1858 3492 urbe
1886 3425 1968 3492 ultru
1991 3426 2115 3494 -decem
2144 3429 2212 3496 dies
2237 3430 2361 3510 obesse,
2480 3478 2486 3505 ,

639 3628 641 3632 v
720 3549 790 3614 ιιιιιι
809 3542 911 3611 llomu
931 3541 1020 3622 quam
1043 3543 1134 3606 erant
1153 3539 1292 3623 expulsi,
1318 3557 1381 3607 nec
1401 3541 1471 3606 sine
1491 3541 1573 3608 sitne
1593 3543 1736 3628 periculo
1756 3543 1862 3610 molire
1888 3547 2077 3626 potueruut,
2107 3562 2169 3627 que
2197 3547 2238 3614 sle
2265 3560 2361 3614 causa

721 3662 894 3738 numnius,
915 3660 970 3740 qui
991 3657 1211 3742 expulsionem
1231 3662 1416 3743 prsetorum
1437 3656 1577 3728 illicitam
1598 3679 1669 3728 esse
1690 3660 1830 3740 videbat,
1859 3661 1987 3728 renatis
2010 3662 2155 3730 ιοιιιιιιιο
2177 3665 2298 3744 effecit,
2324 3669 2361 3732 ui

721 3781 845 3869 legitor
866 3781 975 3846 essert
993 3776 1106 3855 soluti,
1127 3776 1155 3842 si
1176 3776 1216 3843 nl>
1237 3777 1318 3843 urbe
1338 3778 1410 3862 plur
1432 3775 1525 3858 quarn
1547 3775 1659 3844 decem
1679 3777 1748 3844 dier
1765 3777 1958 3858 abluissent,
1980 3798 2053 3848 nom
2074 3780 2129 3848 tali
2151 3781 2262 3860 modo,
2290 3781 2361 3849 illua
2491 3745 2492 3776 ¹

723 3901 784 3969 sibi
796 3898 911 3968 noxios
931 3913 1002 3964 csse
1023 3912 1089 3962 non
1108 3912 1214 3980 posse,
1235 3895 1372 3979 putsvit,
1394 3913 1505 3962 eorum
1527 3896 1619 3962 amici
1640 3881 1732 3974 vero,
1754 3900 1792 3964 ut
1809 3902 1973 3982 praetores
1995 3899 2082 3965 exilii
2104 3898 2263 3968 dedecore
2284 3901 2361 3970 libe·

722 4022 851 4095 ment,
874 4015 1105 4084 commemo
1132 4029 1241 4079 uuam
1270 4031 1289 4077 n
1316 4018 1429 4080 senatu
1455 4015 1612 4099 petierent
1631 4031 1673 4080 eo
1694 4014 1843 4096 consilio,
1871 4020 1909 4083 ιιι
1929 4015 1974 4082 illi
1994 4015 2086 4081 ltslia
2111 4015 2221 4084 relicta
2247 4017 2361 4086 melius

723 4139 785 4210 sibi
812 4139 847 4203 et
871 4132 1065 4221 reipublicae
1094 4130 1307 4197 consulerent
1336 4130 1396 4196 sid.
1417 4131 1606 4215 Appianum
1661 4129 1745 4199 Cure
1773 4133 2004 4198 immentorum
2025 4147 2158 4200 munere
2177 4138 2362 4218 praetorum

725 4255 852 4340 indigns
873 4252 948 4328 luit,
970 4249 1016 4316 illi
1035 4267 1106 4316 rem
1126 4249 1345 4315 demandatum
1366 4249 1588 4333 repudiarunt,
1617 4265 1658 4314 ex
1679 4247 1835 4316 Cicerone
1856 4251 1963 4314 eutem
1984 4253 2152 4333 rogarunt,
2181 4255 2218 4318 ut
2238 4252 2361 4320 constri-

724 4374 811 4442 tsndi
833 4387 927 4437 ceusu
947 4367 1235 4446 reconvenire,
1258 4365 1371 4434 Cicero
1393 4367 1502 4450 igitur,
1525 4367 1665 4446 quamvis
1687 4367 1801 4432 invitm
1823 4368 1895 4434 ante
1916 4363 1959 4433 Vl
1980 4367 2037 4433 eal.
2079 4369 2209 4435 Antium
2230 4387 2267 4437 se
2288 4389 2362 4436 con·
2406 4435 2413 4448 ,

725 4490 815 4566 tulit,
840 4488 895 4554 ubi
914 4487 1066 4562 Brutum,
1096 4482 1257 4563 Cossium,
1278 4482 1460 4558 Seruiliam,
1489 4489 1622 4550 mairem
1643 4485 1750 4562 Bruti,
1780 4484 1911 4566 ejusque
1940 4501 2073 4550 uxorem
2094 4484 2239 4553 Porciam
2267 4493 2361 4570 utque

623 4605 627 4610 ’
726 4623 870 4678 sororem
889 4603 1090 4680 Tertulliam,
1111 4602 1210 4670 Cassii
1231 4619 1365 4667 uxorem
1387 4606 1420 4666 et
1433 4600 1604 4667 Favonium
1626 4602 1752 4668 invenit
1795 4599 1922 4677 Cicero,
1945 4601 1998 4682 qui
2020 4603 2166 4669 miserem
2188 4607 2362 4672 amicorum

726 4724 939 4796 conditionem
966 4724 1187 4805 perspexerat,
1221 4719 1338 4799 sunsit,
1371 4723 1407 4784 ut
1426 4718 1543 4784 Brutus
1573 4723 1715 4785 uteretur
1736 4718 1873 4785 Asiatica
1902 4719 2063 4787 curatione
2092 4721 2256 4802 frumenti,
2285 4724 2362 4790 nihil

728 4861 799 4912 esse
815 4841 882 4925 iem
902 4837 1032 4920 reliqui,
1061 4838 1146 4920 qnod
1167 4843 1315 4923 egerent,
1345 4837 1406 4904 nisi
1427 4840 1463 4902 ut
1483 4837 1558 4904 salvi
1581 4841 1696 4904 esseut
1746 4835 1880 4922 ,cneius
1901 4835 2033 4931 lontibus
2055 4855 2130 4907 sane
2151 4839 2252 4908 oculis
2272 4859 2308 4910 se
2329 4844 2362 4910 in
