<?xml version="1.0" encoding="UTF-8"?>
<!DOCTYPE html PUBLIC "-//W3C//DTD XHTML 1.0 Transitional//EN"
    "http://www.w3.org/TR/xhtml1/DTD/xhtml1-transitional.dtd">
<html xmlns="http://www.w3.org/1999/xhtml" xml:lang="en" lang="en">
 <head>
  <title>
</title>
<meta http-equiv="Content-Type" content="text/html;charset=utf-8" />
  <meta name='ocr-system' content='tesseract 3.04.00' />
  <meta name='ocr-capabilities' content='ocr_page ocr_carea ocr_par ocr_line ocrx_word'/>
</head>
<body>
  <div class='ocr_page' id='page_1' title='image "./mtulliusciceroi00heimgoog_0016.png"; bbox 0 0 5317 6609; ppageno 0'>
   <div class='ocr_carea' id='block_1_1' title="bbox 1437 611 1603 716">
    <p class='ocr_par' dir='ltr' id='par_1_1' title="bbox 1437 611 1603 716">
     <span class='ocr_line' id='line_1_1' title="bbox 1437 611 1603 716; baseline 0 -18"><span class='ocrx_word' id='word_1_1' title='bbox 1437 611 1603 716; x_wconf 59' lang='grc' dir='ltr'>1Ιθ</span> 
     </span>
    </p>
   </div>
   <div class='ocr_carea' id='block_1_2' title="bbox 684 847 2486 3891">
    <p class='ocr_par' dir='ltr' id='par_1_2' title="bbox 684 847 2486 3891">
     <span class='ocr_line' id='line_1_2' title="bbox 742 847 2398 940; baseline 0.003 -25"><span class='ocrx_word' id='word_1_2' title='bbox 742 847 796 915; x_wconf 87' lang='lat' dir='ltr'>tali</span> <span class='ocrx_word' id='word_1_3' title='bbox 819 849 904 916; x_wconf 89' lang='lat' dir='ltr'>enisu</span> <span class='ocrx_word' id='word_1_4' title='bbox 924 853 1070 934; x_wconf 82' lang='lat' dir='ltr'>tempore</span> <span class='ocrx_word' id='word_1_5' title='bbox 1088 849 1185 918; x_wconf 91' lang='lat' dir='ltr'>ludos</span> <span class='ocrx_word' id='word_1_6' title='bbox 1205 849 1311 918; x_wconf 85' lang='lat' dir='ltr'>iacere</span> <span class='ocrx_word' id='word_1_7' title='bbox 1330 849 1377 916; x_wconf 83' lang='lat' dir='ltr'>rili</span> <span class='ocrx_word' id='word_1_8' title='bbox 1398 849 1568 918; x_wconf 82' lang='lat' dir='ltr'>bonestsmr</span> <span class='ocrx_word' id='word_1_9' title='bbox 1589 869 1678 930; x_wconf 87' lang='lat' dir='ltr'>asse,</span> <span class='ocrx_word' id='word_1_10' title='bbox 1713 851 1764 918; x_wconf 91' lang='lat' dir='ltr'>cui</span> <span class='ocrx_word' id='word_1_11' title='bbox 1785 867 1919 922; x_wconf 64' lang='lat' dir='ltr'>neem</span> <span class='ocrx_word' id='word_1_12' title='bbox 1939 855 2041 933; x_wconf 85' lang='lat' dir='ltr'>esset,</span> <span class='ocrx_word' id='word_1_13' title='bbox 2069 855 2233 940; x_wconf 77' lang='lat' dir='ltr'>spectem,</span> <span class='ocrx_word' id='word_1_14' title='bbox 2267 851 2327 920; x_wconf 91' lang='lat' dir='ltr'>sibi</span> <span class='ocrx_word' id='word_1_15' title='bbox 2350 855 2398 920; x_wconf 82' lang='lat' dir='ltr'>nr</span> 
     </span>
     <span class='ocr_line' id='line_1_3' title="bbox 742 967 2486 1055; baseline 0.001 -21"><span class='ocrx_word' id='word_1_16' title='bbox 742 985 808 1034; x_wconf 90' lang='lat' dir='ltr'>noa</span> <span class='ocrx_word' id='word_1_17' title='bbox 842 971 929 1034; x_wconf 85' lang='lat' dir='ltr'>esset</span> <span class='ocrx_word' id='word_1_18' title='bbox 956 985 1107 1048; x_wconf 88' lang='lat' dir='ltr'>necesse,</span> <span class='ocrx_word' id='word_1_19' title='bbox 1148 969 1263 1036; x_wconf 89' lang='lat' dir='ltr'>sicne</span> <span class='ocrx_word' id='word_1_20' title='bbox 1289 967 1462 1036; x_wconf 88' lang='lat' dir='ltr'>bonestusu</span> <span class='ocrx_word' id='word_1_21' title='bbox 1488 969 1617 1054; x_wconf 83' lang='lat' dir='ltr'>quidem</span> <span class='ocrx_word' id='word_1_22' title='bbox 1639 987 1727 1049; x_wconf 85' lang='lat' dir='ltr'>esse,</span> <span class='ocrx_word' id='word_1_23' title='bbox 1755 971 1943 1055; x_wconf 90' lang='lat' dir='ltr'>sequidem</span> <span class='ocrx_word' id='word_1_24' title='bbox 1971 972 2041 1040; x_wconf 91' lang='lat' dir='ltr'>illos</span> <span class='ocrx_word' id='word_1_25' title='bbox 2070 971 2225 1040; x_wconf 77' lang='lat' dir='ltr'>celebrari</span> <span class='ocrx_word' id='word_1_26' title='bbox 2253 975 2288 1039; x_wconf 84' lang='lat' dir='ltr'>ct</span> <span class='ocrx_word' id='word_1_27' title='bbox 2313 987 2393 1036; x_wconf 86' lang='lat' dir='ltr'>esre</span> <span class='ocrx_word' id='word_1_28' title='bbox 2485 999 2486 1006; x_wconf 33' lang='grc' dir='ltr'>ι</span> 
     </span>
     <span class='ocr_line' id='line_1_4' title="bbox 744 1086 2393 1173; baseline 0.001 -21"><span class='ocrx_word' id='word_1_29' title='bbox 744 1105 841 1170; x_wconf 87' lang='lat' dir='ltr'>quarn</span> <span class='ocrx_word' id='word_1_30' title='bbox 869 1086 1064 1170; x_wconf 72' lang='lat' dir='ltr'>gratisdruos</span> <span class='ocrx_word' id='word_1_31' title='bbox 1104 1087 1292 1154; x_wconf 87' lang='lat' dir='ltr'>mirabiliter</span> <span class='ocrx_word' id='word_1_32' title='bbox 1325 1105 1456 1171; x_wconf 91' lang='lat' dir='ltr'>cupere.</span> <span class='ocrx_word' id='word_1_33' title='bbox 1518 1086 1669 1156; x_wconf 82' lang='lat' dir='ltr'>(letarum</span> <span class='ocrx_word' id='word_1_34' title='bbox 1690 1107 1732 1154; x_wconf 85' lang='lat' dir='ltr'>ex</span> <span class='ocrx_word' id='word_1_35' title='bbox 1751 1089 1857 1156; x_wconf 72' lang='lat' dir='ltr'>Attico</span> <span class='ocrx_word' id='word_1_36' title='bbox 1878 1089 1987 1172; x_wconf 89' lang='lat' dir='ltr'>petiit,</span> <span class='ocrx_word' id='word_1_37' title='bbox 2022 1094 2060 1156; x_wconf 91' lang='lat' dir='ltr'>ut</span> <span class='ocrx_word' id='word_1_38' title='bbox 2080 1091 2252 1168; x_wconf 86' lang='lat' dir='ltr'>scriberet,</span> <span class='ocrx_word' id='word_1_39' title='bbox 2273 1105 2393 1173; x_wconf 89' lang='lat' dir='ltr'>quem·</span> 
     </span>
     <span class='ocr_line' id='line_1_5' title="bbox 742 1204 2393 1292; baseline 0.001 -22"><span class='ocrx_word' id='word_1_40' title='bbox 742 1204 912 1272; x_wconf 89' lang='lat' dir='ltr'>admodum</span> <span class='ocrx_word' id='word_1_41' title='bbox 939 1205 1006 1274; x_wconf 90' lang='lat' dir='ltr'>ludi</span> <span class='ocrx_word' id='word_1_42' title='bbox 1033 1208 1255 1292; x_wconf 88' lang='lat' dir='ltr'>acciperentur</span> <span class='ocrx_word' id='word_1_43' title='bbox 1282 1210 1316 1272; x_wconf 90' lang='lat' dir='ltr'>at</span> <span class='ocrx_word' id='word_1_44' title='bbox 1342 1208 1381 1270; x_wconf 92' lang='lat' dir='ltr'>ut</span> <span class='ocrx_word' id='word_1_45' title='bbox 1399 1205 1595 1288; x_wconf 86' lang='lat' dir='ltr'>reliquorum</span> <span class='ocrx_word' id='word_1_46' title='bbox 1617 1208 1685 1273; x_wconf 89' lang='lat' dir='ltr'>dies</span> <span class='ocrx_word' id='word_1_47' title='bbox 1713 1206 1854 1290; x_wconf 86' lang='lat' dir='ltr'>singulos</span> <span class='ocrx_word' id='word_1_48' title='bbox 1881 1207 2012 1274; x_wconf 83' lang='lat' dir='ltr'>omnino</span> <span class='ocrx_word' id='word_1_49' title='bbox 2038 1210 2297 1291; x_wconf 70' lang='lat' dir='ltr'>persequeretur.</span> <span class='ocrx_word' id='word_1_50' title='bbox 2343 1204 2393 1272; x_wconf 89' lang='lat' dir='ltr'>ad</span> 
     </span>
     <span class='ocr_line' id='line_1_6' title="bbox 684 1323 2391 1408; baseline 0 -18"><span class='ocrx_word' id='word_1_51' title='bbox 684 1341 689 1347; x_wconf 89' lang='lat'><strong>·</strong></span> <span class='ocrx_word' id='word_1_52' title='bbox 741 1324 836 1390; x_wconf 70' lang='lat' dir='ltr'>attic.</span> <span class='ocrx_word' id='word_1_53' title='bbox 863 1323 917 1390; x_wconf 87' lang='lat' dir='ltr'>lib.</span> <span class='ocrx_word' id='word_1_54' title='bbox 945 1323 1003 1405; x_wconf 84' lang='lat' dir='ltr'>lb,</span> <span class='ocrx_word' id='word_1_55' title='bbox 1028 1324 1083 1394; x_wconf 83' lang='lat' dir='ltr'>aa</span> <span class='ocrx_word' id='word_1_56' title='bbox 1130 1325 1212 1392; x_wconf 84' lang='lat' dir='ltr'>Ludi</span> <span class='ocrx_word' id='word_1_57' title='bbox 1239 1323 1455 1407; x_wconf 80' lang='lat' dir='ltr'>Apollinares,</span> <span class='ocrx_word' id='word_1_58' title='bbox 1490 1323 1623 1408; x_wconf 88' lang='lat' dir='ltr'>quibus,</span> <span class='ocrx_word' id='word_1_59' title='bbox 1651 1323 1752 1392; x_wconf 85' lang='lat' dir='ltr'>llruto</span> <span class='ocrx_word' id='word_1_60' title='bbox 1780 1325 1928 1403; x_wconf 86' lang='lat' dir='ltr'>absente,</span> <span class='ocrx_word' id='word_1_61' title='bbox 1962 1325 2079 1391; x_wconf 89' lang='lat' dir='ltr'>Lucius</span> <span class='ocrx_word' id='word_1_62' title='bbox 2107 1325 2265 1392; x_wconf 78' lang='lat' dir='ltr'>Antonius</span> <span class='ocrx_word' id='word_1_63' title='bbox 2293 1341 2391 1408; x_wconf 86' lang='lat' dir='ltr'>prae·</span> 
     </span>
     <span class='ocr_line' id='line_1_7' title="bbox 741 1441 2392 1530; baseline 0.001 -24"><span class='ocrx_word' id='word_1_64' title='bbox 741 1441 880 1522; x_wconf 80' lang='lat' dir='ltr'>ridebat,</span> <span class='ocrx_word' id='word_1_65' title='bbox 912 1462 1087 1530; x_wconf 86' lang='lat' dir='ltr'>permagno</span> <span class='ocrx_word' id='word_1_66' title='bbox 1114 1461 1189 1512; x_wconf 86' lang='lat' dir='ltr'>cunr</span> <span class='ocrx_word' id='word_1_67' title='bbox 1214 1441 1330 1529; x_wconf 89' lang='lat' dir='ltr'>plausu</span> <span class='ocrx_word' id='word_1_68' title='bbox 1351 1441 1600 1526; x_wconf 88' lang='lat' dir='ltr'>accipiebantur,</span> <span class='ocrx_word' id='word_1_69' title='bbox 1634 1443 1807 1528; x_wconf 81' lang='lat' dir='ltr'>praecipue</span> <span class='ocrx_word' id='word_1_70' title='bbox 1833 1446 1949 1526; x_wconf 86' lang='lat' dir='ltr'>poetae</span> <span class='ocrx_word' id='word_1_71' title='bbox 1969 1443 2066 1511; x_wconf 76' lang='lat' dir='ltr'>Attici</span> <span class='ocrx_word' id='word_1_72' title='bbox 2094 1442 2198 1510; x_wconf 82' lang='lat' dir='ltr'>tabula</span> <span class='ocrx_word' id='word_1_73' title='bbox 2226 1442 2392 1508; x_wconf 86' lang='lat' dir='ltr'>Tereus</span> 
     </span>
     <span class='ocr_line' id='line_1_8' title="bbox 742 1560 2392 1648; baseline -0.001 -22"><span class='ocrx_word' id='word_1_74' title='bbox 742 1576 934 1645; x_wconf 71' lang='lat' dir='ltr'>magnopere</span> <span class='ocrx_word' id='word_1_75' title='bbox 953 1563 1109 1648; x_wconf 84' lang='lat' dir='ltr'>placebat.</span> <span class='ocrx_word' id='word_1_76' title='bbox 1142 1563 1266 1631; x_wconf 78' lang='lat' dir='ltr'>Atticus</span> <span class='ocrx_word' id='word_1_77' title='bbox 1293 1581 1336 1628; x_wconf 90' lang='lat' dir='ltr'>ex</span> <span class='ocrx_word' id='word_1_78' title='bbox 1363 1562 1456 1628; x_wconf 88' lang='lat' dir='ltr'>amici</span> <span class='ocrx_word' id='word_1_79' title='bbox 1491 1561 1638 1628; x_wconf 91' lang='lat' dir='ltr'>mandato</span> <span class='ocrx_word' id='word_1_80' title='bbox 1666 1560 1773 1628; x_wconf 88' lang='lat' dir='ltr'>omnis</span> <span class='ocrx_word' id='word_1_81' title='bbox 1806 1565 1955 1626; x_wconf 86' lang='lat' dir='ltr'>accurate</span> <span class='ocrx_word' id='word_1_82' title='bbox 1981 1561 2167 1645; x_wconf 82' lang='lat' dir='ltr'>perscripsit</span> <span class='ocrx_word' id='word_1_83' title='bbox 2198 1560 2392 1642; x_wconf 67' lang='lat' dir='ltr'>liberasque</span> 
     </span>
     <span class='ocr_line' id='line_1_9' title="bbox 740 1675 2389 1765; baseline 0 -23"><span class='ocrx_word' id='word_1_84' title='bbox 740 1675 798 1742; x_wconf 90' lang='lat' dir='ltr'>bas</span> <span class='ocrx_word' id='word_1_85' title='bbox 818 1677 932 1746; x_wconf 82' lang='lat' dir='ltr'>Cicero</span> <span class='ocrx_word' id='word_1_86' title='bbox 953 1699 1027 1746; x_wconf 88' lang='lat' dir='ltr'>eum</span> <span class='ocrx_word' id='word_1_87' title='bbox 1040 1679 1157 1758; x_wconf 77' lang='lat' dir='ltr'>bruto,</span> <span class='ocrx_word' id='word_1_88' title='bbox 1187 1680 1243 1765; x_wconf 92' lang='lat' dir='ltr'>qui</span> <span class='ocrx_word' id='word_1_89' title='bbox 1270 1679 1305 1746; x_wconf 87' lang='lat' dir='ltr'>in</span> <span class='ocrx_word' id='word_1_90' title='bbox 1323 1679 1458 1759; x_wconf 81' lang='lat' dir='ltr'>Neside,</span> <span class='ocrx_word' id='word_1_91' title='bbox 1485 1696 1580 1764; x_wconf 89' lang='lat' dir='ltr'>parva</span> <span class='ocrx_word' id='word_1_92' title='bbox 1605 1677 1779 1761; x_wconf 87' lang='lat' dir='ltr'>campanici</span> <span class='ocrx_word' id='word_1_93' title='bbox 1800 1676 1901 1744; x_wconf 90' lang='lat' dir='ltr'>litoris</span> <span class='ocrx_word' id='word_1_94' title='bbox 1919 1677 2039 1756; x_wconf 87' lang='lat' dir='ltr'>insula,</span> <span class='ocrx_word' id='word_1_95' title='bbox 2073 1679 2269 1756; x_wconf 74' lang='lat' dir='ltr'>armabatur,</span> <span class='ocrx_word' id='word_1_96' title='bbox 2298 1695 2389 1742; x_wconf 90' lang='lat' dir='ltr'>com·</span> 
     </span>
     <span class='ocr_line' id='line_1_10' title="bbox 741 1795 2388 1884; baseline 0.001 -24"><span class='ocrx_word' id='word_1_97' title='bbox 741 1797 921 1862; x_wconf 81' lang='lat' dir='ltr'>municasit</span> <span class='ocrx_word' id='word_1_98' title='bbox 975 1797 1041 1864; x_wconf 88' lang='lat' dir='ltr'>llas</span> <span class='ocrx_word' id='word_1_99' title='bbox 1068 1796 1188 1864; x_wconf 76' lang='lat' dir='ltr'>litterar</span> <span class='ocrx_word' id='word_1_100' title='bbox 1208 1796 1309 1865; x_wconf 83' lang='lat' dir='ltr'>Bruto</span> <span class='ocrx_word' id='word_1_101' title='bbox 1335 1797 1527 1882; x_wconf 86' lang='lat' dir='ltr'>gratissimas</span> <span class='ocrx_word' id='word_1_102' title='bbox 1548 1796 1663 1876; x_wconf 86' lang='lat' dir='ltr'>luisse,</span> <span class='ocrx_word' id='word_1_103' title='bbox 1698 1813 1741 1862; x_wconf 85' lang='lat' dir='ltr'>ex</span> <span class='ocrx_word' id='word_1_104' title='bbox 1767 1796 1918 1881; x_wconf 80' lang='lat' dir='ltr'>epistola,</span> <span class='ocrx_word' id='word_1_105' title='bbox 1946 1805 2043 1884; x_wconf 86' lang='lat' dir='ltr'>quam</span> <span class='ocrx_word' id='word_1_106' title='bbox 2070 1815 2109 1864; x_wconf 86' lang='lat' dir='ltr'>es</span> <span class='ocrx_word' id='word_1_107' title='bbox 2137 1797 2178 1864; x_wconf 87' lang='lat' dir='ltr'>de</span> <span class='ocrx_word' id='word_1_108' title='bbox 2206 1813 2243 1864; x_wconf 86' lang='lat' dir='ltr'>re</span> <span class='ocrx_word' id='word_1_109' title='bbox 2271 1795 2388 1866; x_wconf 83' lang='lat' dir='ltr'>Cicero</span> 
     </span>
     <span class='ocr_line' id='line_1_11' title="bbox 741 1911 2387 2001; baseline 0.001 -23"><span class='ocrx_word' id='word_1_110' title='bbox 741 1913 782 1978; x_wconf 88' lang='lat' dir='ltr'>ad</span> <span class='ocrx_word' id='word_1_111' title='bbox 802 1917 943 1982; x_wconf 76' lang='lat' dir='ltr'>Atticam</span> <span class='ocrx_word' id='word_1_112' title='bbox 963 1916 1086 1995; x_wconf 87' lang='lat' dir='ltr'>scribit,</span> <span class='ocrx_word' id='word_1_113' title='bbox 1113 1921 1210 2001; x_wconf 82' lang='lat' dir='ltr'>patet</span> <span class='ocrx_word' id='word_1_114' title='bbox 1230 1917 1271 1984; x_wconf 84' lang='lat' dir='ltr'>sd</span> <span class='ocrx_word' id='word_1_115' title='bbox 1290 1917 1387 1985; x_wconf 72' lang='lat' dir='ltr'>attic</span> <span class='ocrx_word' id='word_1_116' title='bbox 1407 1916 1461 1982; x_wconf 90' lang='lat' dir='ltr'>lib.</span> <span class='ocrx_word' id='word_1_117' title='bbox 1483 1915 1541 1994; x_wconf 82' lang='lat' dir='ltr'>ld,</span> <span class='ocrx_word' id='word_1_118' title='bbox 1568 1915 1598 1982; x_wconf 74' lang='lat'><em>2</em></span> <span class='ocrx_word' id='word_1_119' title='bbox 1648 1911 1745 1998; x_wconf 78' lang='lat' dir='ltr'>(iuius</span> <span class='ocrx_word' id='word_1_120' title='bbox 1765 1915 1929 1999; x_wconf 88' lang='lat' dir='ltr'>permagni</span> <span class='ocrx_word' id='word_1_121' title='bbox 1949 1915 2097 2000; x_wconf 90' lang='lat' dir='ltr'>plausus,</span> <span class='ocrx_word' id='word_1_122' title='bbox 2124 1933 2223 2000; x_wconf 91' lang='lat' dir='ltr'>quem</span> <span class='ocrx_word' id='word_1_123' title='bbox 2247 1913 2387 2000; x_wconf 91' lang='lat' dir='ltr'>populus</span> 
     </span>
     <span class='ocr_line' id='line_1_12' title="bbox 741 2029 2387 2117; baseline -0.002 -17"><span class='ocrx_word' id='word_1_124' title='bbox 741 2031 842 2100; x_wconf 82' lang='lat' dir='ltr'>Bruto</span> <span class='ocrx_word' id='word_1_125' title='bbox 869 2033 992 2099; x_wconf 88' lang='lat' dir='ltr'>absenti</span> <span class='ocrx_word' id='word_1_126' title='bbox 1018 2035 1195 2114; x_wconf 90' lang='lat' dir='ltr'>tribuebat,</span> <span class='ocrx_word' id='word_1_127' title='bbox 1228 2033 1344 2104; x_wconf 80' lang='lat' dir='ltr'>Cicero</span> <span class='ocrx_word' id='word_1_128' title='bbox 1373 2034 1406 2100; x_wconf 92' lang='lat' dir='ltr'>in</span> <span class='ocrx_word' id='word_1_129' title='bbox 1432 2035 1535 2117; x_wconf 89' lang='lat' dir='ltr'>prima</span> <span class='ocrx_word' id='word_1_130' title='bbox 1562 2032 1706 2098; x_wconf 88' lang='lat' dir='ltr'>oratione</span> <span class='ocrx_word' id='word_1_131' title='bbox 1726 2029 1903 2116; x_wconf 81' lang='lat' dir='ltr'>Philippica</span> <span class='ocrx_word' id='word_1_132' title='bbox 1930 2047 1958 2098; x_wconf 84' lang='lat' dir='ltr'>c</span> <span class='ocrx_word' id='word_1_133' title='bbox 1981 2031 2039 2111; x_wconf 77' lang='lat' dir='ltr'>ld,</span> <span class='ocrx_word' id='word_1_134' title='bbox 2072 2033 2268 2100; x_wconf 88' lang='lat' dir='ltr'>mentionem</span> <span class='ocrx_word' id='word_1_135' title='bbox 2294 2031 2387 2098; x_wconf 87' lang='lat' dir='ltr'>lacit:</span> 
     </span>
     <span class='ocr_line' id='line_1_13' title="bbox 744 2149 2486 2237; baseline -0.001 -19"><span class='ocrx_word' id='word_1_136' title='bbox 744 2150 802 2232; x_wconf 91' lang='lat'>,0</span> <span class='ocrx_word' id='word_1_137' title='bbox 822 2149 933 2217; x_wconf 87' lang='lat' dir='ltr'>beatos</span> <span class='ocrx_word' id='word_1_138' title='bbox 953 2151 1042 2231; x_wconf 94' lang='lat' dir='ltr'>illos,</span> <span class='ocrx_word' id='word_1_139' title='bbox 1070 2153 1143 2237; x_wconf 92' lang='lat' dir='ltr'>qni,</span> <span class='ocrx_word' id='word_1_140' title='bbox 1170 2169 1271 2237; x_wconf 90' lang='lat' dir='ltr'>quum</span> <span class='ocrx_word' id='word_1_141' title='bbox 1291 2150 1404 2218; x_wconf 89' lang='lat' dir='ltr'>adesse</span> <span class='ocrx_word' id='word_1_142' title='bbox 1425 2150 1502 2233; x_wconf 89' lang='lat' dir='ltr'>ipsis</span> <span class='ocrx_word' id='word_1_143' title='bbox 1521 2153 1655 2233; x_wconf 89' lang='lat' dir='ltr'>propter</span> <span class='ocrx_word' id='word_1_144' title='bbox 1673 2149 1737 2214; x_wconf 89' lang='lat' dir='ltr'>rim</span> <span class='ocrx_word' id='word_1_145' title='bbox 1759 2167 1919 2216; x_wconf 73' lang='lat' dir='ltr'>umorum</span> <span class='ocrx_word' id='word_1_146' title='bbox 1939 2168 2006 2218; x_wconf 92' lang='lat' dir='ltr'>non</span> <span class='ocrx_word' id='word_1_147' title='bbox 2026 2150 2158 2229; x_wconf 90' lang='lat' dir='ltr'>licebat,</span> <span class='ocrx_word' id='word_1_148' title='bbox 2186 2149 2319 2217; x_wconf 85' lang='lat' dir='ltr'>aderaut</span> <span class='ocrx_word' id='word_1_149' title='bbox 2337 2153 2389 2216; x_wconf 87' lang='lat' dir='ltr'>ta·</span> <span class='ocrx_word' id='word_1_150' title='bbox 2485 2213 2486 2216; x_wconf 74' lang='grc'>,</span> 
     </span>
     <span class='ocr_line' id='line_1_14' title="bbox 744 2262 2388 2356; baseline -0.001 -23"><span class='ocrx_word' id='word_1_151' title='bbox 744 2285 846 2350; x_wconf 75' lang='lat' dir='ltr'>,men</span> <span class='ocrx_word' id='word_1_152' title='bbox 865 2274 901 2335; x_wconf 90' lang='lat' dir='ltr'>et</span> <span class='ocrx_word' id='word_1_153' title='bbox 918 2269 954 2336; x_wconf 91' lang='lat' dir='ltr'>ln</span> <span class='ocrx_word' id='word_1_154' title='bbox 973 2271 1120 2338; x_wconf 90' lang='lat' dir='ltr'>medullis</span> <span class='ocrx_word' id='word_1_155' title='bbox 1139 2269 1250 2356; x_wconf 87' lang='lat' dir='ltr'>populi</span> <span class='ocrx_word' id='word_1_156' title='bbox 1263 2269 1399 2334; x_wconf 81' lang='lat' dir='ltr'>Romani</span> <span class='ocrx_word' id='word_1_157' title='bbox 1419 2285 1459 2334; x_wconf 89' lang='lat' dir='ltr'>ae</span> <span class='ocrx_word' id='word_1_158' title='bbox 1478 2265 1651 2338; x_wconf 83' lang='lat' dir='ltr'>visceribus</span> <span class='ocrx_word' id='word_1_159' title='bbox 1672 2262 1862 2331; x_wconf 78' lang='lat' dir='ltr'>haerebant!</span> <span class='ocrx_word' id='word_1_160' title='bbox 1889 2267 1951 2332; x_wconf 91' lang='lat' dir='ltr'>nisi</span> <span class='ocrx_word' id='word_1_161' title='bbox 1972 2267 2055 2336; x_wconf 87' lang='lat' dir='ltr'>iorte</span> <span class='ocrx_word' id='word_1_162' title='bbox 2068 2269 2156 2336; x_wconf 78' lang='lat' dir='ltr'>Attio</span> <span class='ocrx_word' id='word_1_163' title='bbox 2177 2272 2246 2334; x_wconf 84' lang='lat' dir='ltr'>tram</span> <span class='ocrx_word' id='word_1_164' title='bbox 2265 2267 2388 2352; x_wconf 85' lang='lat' dir='ltr'>plaudi,</span> 
     </span>
     <span class='ocr_line' id='line_1_15' title="bbox 743 2380 2388 2473; baseline 0.001 -22"><span class='ocrx_word' id='word_1_165' title='bbox 743 2390 805 2468; x_wconf 80' lang='lat' dir='ltr'>,et</span> <span class='ocrx_word' id='word_1_166' title='bbox 822 2389 1021 2472; x_wconf 83' lang='lat' dir='ltr'>sexagesimo</span> <span class='ocrx_word' id='word_1_167' title='bbox 1047 2392 1122 2473; x_wconf 90' lang='lat' dir='ltr'>post</span> <span class='ocrx_word' id='word_1_168' title='bbox 1141 2407 1224 2453; x_wconf 92' lang='lat' dir='ltr'>anno</span> <span class='ocrx_word' id='word_1_169' title='bbox 1252 2386 1389 2470; x_wconf 88' lang='lat' dir='ltr'>palmam</span> <span class='ocrx_word' id='word_1_170' title='bbox 1410 2384 1477 2450; x_wconf 88' lang='lat' dir='ltr'>dari</span> <span class='ocrx_word' id='word_1_171' title='bbox 1497 2383 1671 2467; x_wconf 85' lang='lat' dir='ltr'>putabatis,</span> <span class='ocrx_word' id='word_1_172' title='bbox 1703 2399 1770 2448; x_wconf 90' lang='lat' dir='ltr'>non</span> <span class='ocrx_word' id='word_1_173' title='bbox 1789 2380 1905 2462; x_wconf 83' lang='lat' dir='ltr'>Bruto,</span> <span class='ocrx_word' id='word_1_174' title='bbox 1941 2387 1995 2468; x_wconf 94' lang='lat' dir='ltr'>qui</span> <span class='ocrx_word' id='word_1_175' title='bbox 2016 2386 2099 2454; x_wconf 89' lang='lat' dir='ltr'>ludis</span> <span class='ocrx_word' id='word_1_176' title='bbox 2118 2387 2186 2454; x_wconf 90' lang='lat' dir='ltr'>suis</span> <span class='ocrx_word' id='word_1_177' title='bbox 2208 2389 2251 2454; x_wconf 86' lang='lat' dir='ltr'>ita</span> <span class='ocrx_word' id='word_1_178' title='bbox 2273 2387 2388 2464; x_wconf 90' lang='lat' dir='ltr'>caruit,</span> 
     </span>
     <span class='ocr_line' id='line_1_16' title="bbox 743 2497 2389 2593; baseline 0.001 -23"><span class='ocrx_word' id='word_1_179' title='bbox 743 2510 807 2588; x_wconf 82' lang='lat' dir='ltr'>,ut</span> <span class='ocrx_word' id='word_1_180' title='bbox 826 2508 860 2573; x_wconf 91' lang='lat' dir='ltr'>in</span> <span class='ocrx_word' id='word_1_181' title='bbox 879 2508 934 2576; x_wconf 91' lang='lat' dir='ltr'>illo</span> <span class='ocrx_word' id='word_1_182' title='bbox 956 2508 1195 2593; x_wconf 69' lang='lat' dir='ltr'>apparatissimo</span> <span class='ocrx_word' id='word_1_183' title='bbox 1216 2503 1398 2589; x_wconf 87' lang='lat' dir='ltr'>spectaculo</span> <span class='ocrx_word' id='word_1_184' title='bbox 1420 2504 1560 2569; x_wconf 89' lang='lat' dir='ltr'>studium</span> <span class='ocrx_word' id='word_1_185' title='bbox 1581 2498 1719 2583; x_wconf 88' lang='lat' dir='ltr'>populus</span> <span class='ocrx_word' id='word_1_186' title='bbox 1739 2497 1901 2567; x_wconf 76' lang='lat' dir='ltr'>Romanus</span> <span class='ocrx_word' id='word_1_187' title='bbox 1920 2503 2077 2572; x_wconf 83' lang='lat' dir='ltr'>tribueret</span> <span class='ocrx_word' id='word_1_188' title='bbox 2096 2505 2234 2584; x_wconf 84' lang='lat' dir='ltr'>absenti,</span> <span class='ocrx_word' id='word_1_189' title='bbox 2261 2505 2389 2572; x_wconf 86' lang='lat' dir='ltr'>deside·</span> 
     </span>
     <span class='ocr_line' id='line_1_17' title="bbox 744 2615 2388 2709; baseline -0.001 -20"><span class='ocrx_word' id='word_1_190' title='bbox 744 2625 851 2706; x_wconf 70' lang='lat' dir='ltr'>,num</span> <span class='ocrx_word' id='word_1_191' title='bbox 871 2625 1049 2691; x_wconf 83' lang='lat' dir='ltr'>liberatoris</span> <span class='ocrx_word' id='word_1_192' title='bbox 1070 2626 1121 2691; x_wconf 90' lang='lat' dir='ltr'>sui</span> <span class='ocrx_word' id='word_1_193' title='bbox 1140 2628 1298 2709; x_wconf 87' lang='lat' dir='ltr'>perpetuo</span> <span class='ocrx_word' id='word_1_194' title='bbox 1324 2622 1439 2706; x_wconf 92' lang='lat' dir='ltr'>plausu</span> <span class='ocrx_word' id='word_1_195' title='bbox 1460 2625 1494 2688; x_wconf 91' lang='lat' dir='ltr'>et</span> <span class='ocrx_word' id='word_1_196' title='bbox 1515 2619 1652 2686; x_wconf 88' lang='lat' dir='ltr'>clamore</span> <span class='ocrx_word' id='word_1_197' title='bbox 1674 2615 1816 2685; x_wconf 67' lang='lat' dir='ltr'>leniret!¹</span> <span class='ocrx_word' id='word_1_198' title='bbox 1874 2620 1966 2688; x_wconf 83' lang='lat' dir='ltr'>licet</span> <span class='ocrx_word' id='word_1_199' title='bbox 1991 2621 2024 2688; x_wconf 92' lang='lat' dir='ltr'>bi</span> <span class='ocrx_word' id='word_1_200' title='bbox 2052 2625 2155 2690; x_wconf 89' lang='lat' dir='ltr'>nuntii</span> <span class='ocrx_word' id='word_1_201' title='bbox 2175 2623 2276 2692; x_wconf 85' lang='lat' dir='ltr'>Bruto</span> <span class='ocrx_word' id='word_1_202' title='bbox 2304 2625 2388 2709; x_wconf 88' lang='lat' dir='ltr'>grati</span> 
     </span>
     <span class='ocr_line' id='line_1_18' title="bbox 741 2737 2387 2821; baseline 0.001 -13"><span class='ocrx_word' id='word_1_203' title='bbox 741 2747 865 2821; x_wconf 83' lang='lat' dir='ltr'>essent,</span> <span class='ocrx_word' id='word_1_204' title='bbox 899 2742 1107 2808; x_wconf 88' lang='lat' dir='ltr'>rebementer</span> <span class='ocrx_word' id='word_1_205' title='bbox 1131 2746 1241 2807; x_wconf 88' lang='lat' dir='ltr'>tamen</span> <span class='ocrx_word' id='word_1_206' title='bbox 1266 2740 1471 2806; x_wconf 90' lang='lat' dir='ltr'>conturbatus</span> <span class='ocrx_word' id='word_1_207' title='bbox 1499 2743 1565 2818; x_wconf 91' lang='lat' dir='ltr'>est,</span> <span class='ocrx_word' id='word_1_208' title='bbox 1600 2738 1702 2805; x_wconf 92' lang='lat' dir='ltr'>doluit</span> <span class='ocrx_word' id='word_1_209' title='bbox 1728 2739 1814 2806; x_wconf 88' lang='lat' dir='ltr'>eninr</span> <span class='ocrx_word' id='word_1_210' title='bbox 1842 2737 1883 2805; x_wconf 91' lang='lat' dir='ltr'>de</span> <span class='ocrx_word' id='word_1_211' title='bbox 1915 2738 2043 2808; x_wconf 83' lang='lat' dir='ltr'>Nonis</span> <span class='ocrx_word' id='word_1_212' title='bbox 2069 2743 2197 2810; x_wconf 89' lang='lat' dir='ltr'>luliis</span> <span class='ocrx_word' id='word_1_213' title='bbox 2225 2763 2288 2810; x_wconf 92' lang='lat' dir='ltr'>nec</span> <span class='ocrx_word' id='word_1_214' title='bbox 2314 2745 2387 2810; x_wconf 86' lang='lat' dir='ltr'>sine</span> 
     </span>
     <span class='ocr_line' id='line_1_19' title="bbox 742 2856 2386 2947; baseline 0.001 -20"><span class='ocrx_word' id='word_1_215' title='bbox 742 2876 848 2927; x_wconf 81' lang='lat' dir='ltr'>cansa.</span> <span class='ocrx_word' id='word_1_216' title='bbox 900 2859 1021 2929; x_wconf 80' lang='lat' dir='ltr'>biensis</span> <span class='ocrx_word' id='word_1_217' title='bbox 1042 2859 1193 2939; x_wconf 79' lang='lat' dir='ltr'>Quintilis</span> <span class='ocrx_word' id='word_1_218' title='bbox 1214 2860 1248 2924; x_wconf 90' lang='lat' dir='ltr'>in</span> <span class='ocrx_word' id='word_1_219' title='bbox 1272 2857 1427 2924; x_wconf 90' lang='lat' dir='ltr'>bonorem</span> <span class='ocrx_word' id='word_1_220' title='bbox 1449 2856 1593 2926; x_wconf 80' lang='lat' dir='ltr'>Caesaris</span> <span class='ocrx_word' id='word_1_221' title='bbox 1619 2858 1758 2924; x_wconf 87' lang='lat' dir='ltr'>lulius</span> <span class='ocrx_word' id='word_1_222' title='bbox 1785 2858 1965 2926; x_wconf 89' lang='lat' dir='ltr'>nominatus</span> <span class='ocrx_word' id='word_1_223' title='bbox 1987 2864 2071 2938; x_wconf 90' lang='lat' dir='ltr'>erat,</span> <span class='ocrx_word' id='word_1_224' title='bbox 2107 2881 2207 2946; x_wconf 87' lang='lat' dir='ltr'>quum</span> <span class='ocrx_word' id='word_1_225' title='bbox 2234 2863 2331 2947; x_wconf 90' lang='lat' dir='ltr'>igitur</span> <span class='ocrx_word' id='word_1_226' title='bbox 2350 2863 2386 2928; x_wconf 93' lang='lat' dir='ltr'>in</span> 
     </span>
     <span class='ocr_line' id='line_1_20' title="bbox 743 2975 2384 3079; baseline 0.001 -33"><span class='ocrx_word' id='word_1_227' title='bbox 743 2979 867 3056; x_wconf 86' lang='lat' dir='ltr'>edicto,</span> <span class='ocrx_word' id='word_1_228' title='bbox 901 2996 967 3062; x_wconf 94' lang='lat' dir='ltr'>quo</span> <span class='ocrx_word' id='word_1_229' title='bbox 987 2978 1054 3046; x_wconf 88' lang='lat' dir='ltr'>ludi</span> <span class='ocrx_word' id='word_1_230' title='bbox 1076 2978 1122 3044; x_wconf 93' lang='lat' dir='ltr'>illi</span> <span class='ocrx_word' id='word_1_231' title='bbox 1143 2977 1378 3055; x_wconf 79' lang='lat' dir='ltr'>indicabantur,</span> <span class='ocrx_word' id='word_1_232' title='bbox 1413 2977 1486 3044; x_wconf 91' lang='lat' dir='ltr'>loco</span> <span class='ocrx_word' id='word_1_233' title='bbox 1509 2975 1658 3056; x_wconf 86' lang='lat' dir='ltr'>Quintilis</span> <span class='ocrx_word' id='word_1_234' title='bbox 1690 2977 1794 3043; x_wconf 81' lang='lat' dir='ltr'>ludius</span> <span class='ocrx_word' id='word_1_235' title='bbox 1815 2977 1992 3062; x_wconf 89' lang='lat' dir='ltr'>legeretur,</span> <span class='ocrx_word' id='word_1_236' title='bbox 2025 2979 2118 3046; x_wconf 80' lang='lat' dir='ltr'>facile</span> <span class='ocrx_word' id='word_1_237' title='bbox 2132 2980 2256 3079; x_wconf 37' lang='lat' dir='ltr'>&#39;opinio</span> <span class='ocrx_word' id='word_1_238' title='bbox 2276 2980 2384 3048; x_wconf 75' lang='lat' dir='ltr'>eslere</span> 
     </span>
     <span class='ocr_line' id='line_1_21' title="bbox 740 3093 2383 3182; baseline 0.001 -19"><span class='ocrx_word' id='word_1_239' title='bbox 740 3098 863 3182; x_wconf 88' lang='lat' dir='ltr'>potuit,</span> <span class='ocrx_word' id='word_1_240' title='bbox 889 3096 1023 3162; x_wconf 87' lang='lat' dir='ltr'>Brutum</span> <span class='ocrx_word' id='word_1_241' title='bbox 1044 3096 1088 3162; x_wconf 91' lang='lat' dir='ltr'>ita</span> <span class='ocrx_word' id='word_1_242' title='bbox 1107 3093 1279 3162; x_wconf 77' lang='lat' dir='ltr'>Gaesarem</span> <span class='ocrx_word' id='word_1_243' title='bbox 1299 3093 1406 3160; x_wconf 89' lang='lat' dir='ltr'>colere</span> <span class='ocrx_word' id='word_1_244' title='bbox 1427 3093 1525 3172; x_wconf 84' lang='lat' dir='ltr'>selle,</span> <span class='ocrx_word' id='word_1_245' title='bbox 1553 3113 1617 3180; x_wconf 92' lang='lat' dir='ltr'>qua</span> <span class='ocrx_word' id='word_1_246' title='bbox 1638 3094 1678 3159; x_wconf 93' lang='lat' dir='ltr'>de</span> <span class='ocrx_word' id='word_1_247' title='bbox 1700 3111 1794 3160; x_wconf 83' lang='lat' dir='ltr'>causa</span> <span class='ocrx_word' id='word_1_248' title='bbox 1814 3112 1851 3160; x_wconf 91' lang='lat' dir='ltr'>se</span> <span class='ocrx_word' id='word_1_249' title='bbox 1871 3095 2063 3181; x_wconf 90' lang='lat' dir='ltr'>scripturum</span> <span class='ocrx_word' id='word_1_250' title='bbox 2083 3095 2203 3179; x_wconf 76' lang='lat' dir='ltr'>aiebat,</span> <span class='ocrx_word' id='word_1_251' title='bbox 2230 3101 2268 3163; x_wconf 93' lang='lat' dir='ltr'>ut</span> <span class='ocrx_word' id='word_1_252' title='bbox 2288 3115 2383 3165; x_wconf 69' lang='lat' dir='ltr'>rena</span> 
     </span>
     <span class='ocr_line' id='line_1_22' title="bbox 740 3211 2382 3297; baseline 0.001 -16"><span class='ocrx_word' id='word_1_253' title='bbox 740 3216 878 3292; x_wconf 90' lang='lat' dir='ltr'>tionem,</span> <span class='ocrx_word' id='word_1_254' title='bbox 911 3229 996 3297; x_wconf 89' lang='lat' dir='ltr'>quae</span> <span class='ocrx_word' id='word_1_255' title='bbox 1022 3213 1175 3297; x_wconf 84' lang='lat' dir='ltr'>postridie</span> <span class='ocrx_word' id='word_1_256' title='bbox 1201 3211 1295 3278; x_wconf 91' lang='lat' dir='ltr'>ludos</span> <span class='ocrx_word' id='word_1_257' title='bbox 1315 3211 1513 3295; x_wconf 81' lang='lat' dir='ltr'>apollinares</span> <span class='ocrx_word' id='word_1_258' title='bbox 1541 3212 1646 3278; x_wconf 85' lang='lat' dir='ltr'>lutura</span> <span class='ocrx_word' id='word_1_259' title='bbox 1674 3215 1776 3291; x_wconf 87' lang='lat' dir='ltr'>esset,</span> <span class='ocrx_word' id='word_1_260' title='bbox 1809 3215 2048 3295; x_wconf 83' lang='lat' dir='ltr'>proscriberent</span> <span class='ocrx_word' id='word_1_261' title='bbox 2076 3214 2123 3280; x_wconf 88' lang='grc' dir='ltr'>ΠΙ</span> <span class='ocrx_word' id='word_1_262' title='bbox 2148 3212 2195 3282; x_wconf 86' lang='lat' dir='ltr'>ld.</span> <span class='ocrx_word' id='word_1_263' title='bbox 2223 3213 2382 3296; x_wconf 75' lang='lat' dir='ltr'>Quintilis</span> 
     </span>
     <span class='ocr_line' id='line_1_23' title="bbox 741 3326 2381 3417; baseline 0 -15"><span class='ocrx_word' id='word_1_264' title='bbox 741 3330 931 3402; x_wconf 74' lang='lat' dir='ltr'>Ciceronem</span> <span class='ocrx_word' id='word_1_265' title='bbox 951 3333 1048 3417; x_wconf 91' lang='lat' dir='ltr'>igitur</span> <span class='ocrx_word' id='word_1_266' title='bbox 1058 3329 1290 3416; x_wconf 79' lang='lat' dir='ltr'>protectionem</span> <span class='ocrx_word' id='word_1_267' title='bbox 1310 3327 1532 3400; x_wconf 68' lang='lat' dir='ltr'>subnectam</span> <span class='ocrx_word' id='word_1_268' title='bbox 1552 3347 1619 3396; x_wconf 91' lang='lat' dir='ltr'>uon</span> <span class='ocrx_word' id='word_1_269' title='bbox 1639 3326 1804 3396; x_wconf 79' lang='lat' dir='ltr'>festinasse</span> <span class='ocrx_word' id='word_1_270' title='bbox 1825 3347 1868 3396; x_wconf 85' lang='lat' dir='ltr'>ex</span> <span class='ocrx_word' id='word_1_271' title='bbox 1887 3329 1979 3396; x_wconf 91' lang='lat' dir='ltr'>dictis</span> <span class='ocrx_word' id='word_1_272' title='bbox 2000 3329 2075 3396; x_wconf 89' lang='lat' dir='ltr'>satis</span> <span class='ocrx_word' id='word_1_273' title='bbox 2096 3336 2244 3414; x_wconf 86' lang='lat' dir='ltr'>apparet,</span> <span class='ocrx_word' id='word_1_274' title='bbox 2264 3333 2381 3402; x_wconf 85' lang='lat' dir='ltr'>Brutus</span> 
     </span>
     <span class='ocr_line' id='line_1_24' title="bbox 732 3446 2382 3536; baseline 0.002 -19"><span class='ocrx_word' id='word_1_275' title='bbox 732 3450 873 3535; x_wconf 44' lang='lat' dir='ltr'>*quoque</span> <span class='ocrx_word' id='word_1_276' title='bbox 892 3469 1006 3536; x_wconf 89' lang='lat' dir='ltr'>parum</span> <span class='ocrx_word' id='word_1_277' title='bbox 1025 3449 1222 3534; x_wconf 87' lang='lat' dir='ltr'>properarit,</span> <span class='ocrx_word' id='word_1_278' title='bbox 1242 3446 1346 3516; x_wconf 87' lang='lat' dir='ltr'>soluit</span> <span class='ocrx_word' id='word_1_279' title='bbox 1363 3447 1453 3516; x_wconf 89' lang='lat' dir='ltr'>tarde</span> <span class='ocrx_word' id='word_1_280' title='bbox 1473 3447 1634 3530; x_wconf 81' lang='lat' dir='ltr'>navigare,</span> <span class='ocrx_word' id='word_1_281' title='bbox 1656 3447 1832 3514; x_wconf 76' lang='lat' dir='ltr'>consistens</span> <span class='ocrx_word' id='word_1_282' title='bbox 1851 3447 1995 3532; x_wconf 89' lang='lat' dir='ltr'>pluribus</span> <span class='ocrx_word' id='word_1_283' title='bbox 2016 3448 2051 3514; x_wconf 95' lang='lat' dir='ltr'>in</span> <span class='ocrx_word' id='word_1_284' title='bbox 2071 3448 2166 3529; x_wconf 89' lang='lat' dir='ltr'>locis,</span> <span class='ocrx_word' id='word_1_285' title='bbox 2194 3453 2264 3520; x_wconf 90' lang='lat' dir='ltr'>sine</span> <span class='ocrx_word' id='word_1_286' title='bbox 2286 3453 2382 3521; x_wconf 91' lang='lat' dir='ltr'>dubio</span> 
     </span>
     <span class='ocr_line' id='line_1_25' title="bbox 742 3563 2384 3658; baseline 0.002 -20"><span class='ocrx_word' id='word_1_287' title='bbox 742 3587 785 3638; x_wconf 91' lang='lat' dir='ltr'>co</span> <span class='ocrx_word' id='word_1_288' title='bbox 807 3569 956 3648; x_wconf 89' lang='lat' dir='ltr'>consilio,</span> <span class='ocrx_word' id='word_1_289' title='bbox 975 3573 1014 3634; x_wconf 92' lang='lat' dir='ltr'>ut</span> <span class='ocrx_word' id='word_1_290' title='bbox 1033 3568 1068 3634; x_wconf 95' lang='lat' dir='ltr'>in</span> <span class='ocrx_word' id='word_1_291' title='bbox 1087 3568 1197 3654; x_wconf 82' lang='lat' dir='ltr'>quasis</span> <span class='ocrx_word' id='word_1_292' title='bbox 1216 3585 1326 3635; x_wconf 89' lang='lat' dir='ltr'>rerum</span> <span class='ocrx_word' id='word_1_293' title='bbox 1346 3567 1542 3632; x_wconf 88' lang='lat' dir='ltr'>intemarum</span> <span class='ocrx_word' id='word_1_294' title='bbox 1561 3567 1736 3634; x_wconf 86' lang='lat' dir='ltr'>mutatione</span> <span class='ocrx_word' id='word_1_295' title='bbox 1757 3567 1892 3634; x_wconf 84' lang='lat' dir='ltr'>adesset</span> <span class='ocrx_word' id='word_1_296' title='bbox 1913 3563 1969 3651; x_wconf 85' lang='lat' dir='ltr'>(ad</span> <span class='ocrx_word' id='word_1_297' title='bbox 1981 3567 2076 3634; x_wconf 82' lang='lat' dir='ltr'>attic</span> <span class='ocrx_word' id='word_1_298' title='bbox 2089 3565 2144 3636; x_wconf 87' lang='lat' dir='ltr'>lib.</span> <span class='ocrx_word' id='word_1_299' title='bbox 2167 3569 2224 3650; x_wconf 88' lang='lat' dir='ltr'>lli,</span> <span class='ocrx_word' id='word_1_300' title='bbox 2244 3569 2292 3658; x_wconf 80' lang='lat' dir='ltr'>l.)</span> <span class='ocrx_word' id='word_1_301' title='bbox 2333 3571 2384 3642; x_wconf 82' lang='lat' dir='ltr'>lix</span> 
     </span>
     <span class='ocr_line' id='line_1_26' title="bbox 741 3677 2486 3782; baseline 0.002 -28"><span class='ocrx_word' id='word_1_302' title='bbox 741 3683 804 3754; x_wconf 89' lang='lat' dir='ltr'>bac</span> <span class='ocrx_word' id='word_1_303' title='bbox 824 3687 958 3770; x_wconf 90' lang='lat' dir='ltr'>epistola</span> <span class='ocrx_word' id='word_1_304' title='bbox 977 3686 1071 3754; x_wconf 91' lang='lat' dir='ltr'>simul</span> <span class='ocrx_word' id='word_1_305' title='bbox 1091 3690 1195 3772; x_wconf 86' lang='lat' dir='ltr'>patet,</span> <span class='ocrx_word' id='word_1_306' title='bbox 1215 3677 1262 3753; x_wconf 81' lang='lat' dir='ltr'>ad&#39;</span> <span class='ocrx_word' id='word_1_307' title='bbox 1276 3685 1395 3752; x_wconf 85' lang='lat' dir='ltr'>arnicas</span> <span class='ocrx_word' id='word_1_308' title='bbox 1416 3684 1479 3752; x_wconf 91' lang='lat' dir='ltr'>boc</span> <span class='ocrx_word' id='word_1_309' title='bbox 1498 3688 1644 3769; x_wconf 86' lang='lat' dir='ltr'>tempore</span> <span class='ocrx_word' id='word_1_310' title='bbox 1664 3683 1818 3752; x_wconf 85' lang='lat' dir='ltr'>libonem</span> <span class='ocrx_word' id='word_1_311' title='bbox 1840 3701 1914 3750; x_wconf 91' lang='lat' dir='ltr'>cum</span> <span class='ocrx_word' id='word_1_312' title='bbox 1934 3685 2046 3753; x_wconf 74' lang='lat' dir='ltr'>liberis</span> <span class='ocrx_word' id='word_1_313' title='bbox 2066 3704 2085 3754; x_wconf 88' lang='lat' dir='ltr'>a</span> <span class='ocrx_word' id='word_1_314' title='bbox 2105 3685 2206 3756; x_wconf 85' lang='lat' dir='ltr'>Sexto</span> <span class='ocrx_word' id='word_1_315' title='bbox 2226 3687 2382 3774; x_wconf 81' lang='lat' dir='ltr'>Pompeio</span> <span class='ocrx_word' id='word_1_316' title='bbox 2485 3757 2486 3782; x_wconf 46' lang='lat'>,</span> 
     </span>
     <span class='ocr_line' id='line_1_27' title="bbox 741 3783 2486 3891; baseline 0.001 -17"><span class='ocrx_word' id='word_1_317' title='bbox 741 3806 883 3884; x_wconf 86' lang='lat' dir='ltr'>senisse,</span> <span class='ocrx_word' id='word_1_318' title='bbox 902 3805 938 3871; x_wconf 89' lang='lat' dir='ltr'>in</span> <span class='ocrx_word' id='word_1_319' title='bbox 957 3805 1072 3889; x_wconf 89' lang='lat' dir='ltr'>quibus</span> <span class='ocrx_word' id='word_1_320' title='bbox 1092 3805 1272 3872; x_wconf 79' lang='lat' dir='ltr'>nuntiatam</span> <span class='ocrx_word' id='word_1_321' title='bbox 1293 3807 1377 3882; x_wconf 86' lang='lat' dir='ltr'>erat,</span> <span class='ocrx_word' id='word_1_322' title='bbox 1405 3801 1537 3870; x_wconf 84' lang='lat' dir='ltr'>Sextum</span> <span class='ocrx_word' id='word_1_323' title='bbox 1557 3801 1763 3887; x_wconf 77' lang='lat' dir='ltr'>Pompeium,</span> <span class='ocrx_word' id='word_1_324' title='bbox 1790 3802 1891 3869; x_wconf 90' lang='lat' dir='ltr'>lilium</span> <span class='ocrx_word' id='word_1_325' title='bbox 1911 3803 2055 3889; x_wconf 78' lang='lat' dir='ltr'>Pompeii</span> <span class='ocrx_word' id='word_1_326' title='bbox 2075 3804 2200 3891; x_wconf 82' lang='lat' dir='ltr'>blegni,</span> <span class='ocrx_word' id='word_1_327' title='bbox 2222 3823 2297 3874; x_wconf 88' lang='lat' dir='ltr'>cum</span> <span class='ocrx_word' id='word_1_328' title='bbox 2318 3825 2383 3876; x_wconf 86' lang='lat' dir='ltr'>una</span> <span class='ocrx_word' id='word_1_329' title='bbox 2485 3783 2486 3788; x_wconf 7' lang='grc' dir='ltr'><strong>Ἰ</strong></span> 
     </span>
    </p>
   </div>
   <div class='ocr_carea' id='block_1_3' title="bbox 742 3921 2486 4009">
    <p class='ocr_par' dir='ltr' id='par_1_3' title="bbox 742 3921 2486 4009">
     <span class='ocr_line' id='line_1_28' title="bbox 742 3921 2486 4009; baseline -0.003 -15"><span class='ocrx_word' id='word_1_330' title='bbox 742 3924 847 3994; x_wconf 89' lang='lat' dir='ltr'>solum</span> <span class='ocrx_word' id='word_1_331' title='bbox 867 3923 993 4008; x_wconf 92' lang='lat' dir='ltr'>legione</span> <span class='ocrx_word' id='word_1_332' title='bbox 1013 3923 1111 3991; x_wconf 83' lang='lat' dir='ltr'>tuisse</span> <span class='ocrx_word' id='word_1_333' title='bbox 1125 3921 1331 4008; x_wconf 77' lang='lat' dir='ltr'>Cmtbogine,</span> <span class='ocrx_word' id='word_1_334' title='bbox 1352 3923 1448 4007; x_wconf 87' lang='lat' dir='ltr'>eique</span> <span class='ocrx_word' id='word_1_335' title='bbox 1469 3939 1510 3988; x_wconf 89' lang='lat' dir='ltr'>co</span> <span class='ocrx_word' id='word_1_336' title='bbox 1530 3921 1600 4006; x_wconf 94' lang='lat' dir='ltr'>ipso</span> <span class='ocrx_word' id='word_1_337' title='bbox 1622 3921 1691 4001; x_wconf 90' lang='lat' dir='ltr'>die,</span> <span class='ocrx_word' id='word_1_338' title='bbox 1712 3940 1776 4005; x_wconf 92' lang='lat' dir='ltr'>quo</span> <span class='ocrx_word' id='word_1_339' title='bbox 1792 3923 1943 4008; x_wconf 91' lang='lat' dir='ltr'>oppidum</span> <span class='ocrx_word' id='word_1_340' title='bbox 1955 3925 2092 3991; x_wconf 81' lang='lat' dir='ltr'>Boream</span> <span class='ocrx_word' id='word_1_341' title='bbox 2113 3925 2267 4009; x_wconf 90' lang='lat' dir='ltr'>cepisset,</span> <span class='ocrx_word' id='word_1_342' title='bbox 2301 3945 2383 3994; x_wconf 90' lang='lat' dir='ltr'>nun·</span> <span class='ocrx_word' id='word_1_343' title='bbox 2485 3953 2486 3988; x_wconf 66' lang='grc' dir='ltr'>ι</span> 
     </span>
    </p>
   </div>
   <div class='ocr_carea' id='block_1_4' title="bbox 717 4038 2486 4962">
    <p class='ocr_par' dir='ltr' id='par_1_4' title="bbox 717 4038 2486 4962">
     <span class='ocr_line' id='line_1_29' title="bbox 742 4038 2486 4142; baseline 0.002 -31"><span class='ocrx_word' id='word_1_344' title='bbox 742 4045 857 4112; x_wconf 90' lang='lat' dir='ltr'>tiatum</span> <span class='ocrx_word' id='word_1_345' title='bbox 883 4059 956 4108; x_wconf 90' lang='lat' dir='ltr'>essc</span> <span class='ocrx_word' id='word_1_346' title='bbox 981 4040 1024 4108; x_wconf 89' lang='lat' dir='ltr'>de</span> <span class='ocrx_word' id='word_1_347' title='bbox 1044 4038 1197 4117; x_wconf 62' lang='lat' dir='ltr'>camum</span> <span class='ocrx_word' id='word_1_348' title='bbox 1232 4045 1326 4125; x_wconf 87' lang='lat' dir='ltr'>capto</span> <span class='ocrx_word' id='word_1_349' title='bbox 1354 4038 1473 4125; x_wconf 92' lang='lat' dir='ltr'>oppido</span> <span class='ocrx_word' id='word_1_350' title='bbox 1500 4041 1612 4106; x_wconf 89' lang='lat' dir='ltr'>miram</span> <span class='ocrx_word' id='word_1_351' title='bbox 1640 4040 1792 4108; x_wconf 86' lang='lat' dir='ltr'>laetitiam</span> <span class='ocrx_word' id='word_1_352' title='bbox 1818 4043 2164 4129; x_wconf 79' lang='lat' dir='ltr'>commutationemque</span> <span class='ocrx_word' id='word_1_353' title='bbox 2192 4045 2383 4129; x_wconf 79' lang='lat' dir='ltr'>ammarum,</span> <span class='ocrx_word' id='word_1_354' title='bbox 2485 4073 2486 4142; x_wconf 46' lang='lat' dir='ltr'>g</span> 
     </span>
     <span class='ocr_line' id='line_1_30' title="bbox 743 4143 2486 4252; baseline 0.002 -22"><span class='ocrx_word' id='word_1_355' title='bbox 743 4177 999 4247; x_wconf 78' lang='lat' dir='ltr'>concursumque</span> <span class='ocrx_word' id='word_1_356' title='bbox 1017 4160 1177 4244; x_wconf 73' lang='lat' dir='ltr'>undique:</span> <span class='ocrx_word' id='word_1_357' title='bbox 1209 4160 1268 4226; x_wconf 90' lang='lat' dir='ltr'>sed</span> <span class='ocrx_word' id='word_1_358' title='bbox 1287 4159 1378 4226; x_wconf 89' lang='lat' dir='ltr'>illum</span> <span class='ocrx_word' id='word_1_359' title='bbox 1398 4157 1438 4226; x_wconf 90' lang='lat' dir='ltr'>ad</span> <span class='ocrx_word' id='word_1_360' title='bbox 1459 4177 1517 4226; x_wconf 88' lang='lat' dir='ltr'>sex</span> <span class='ocrx_word' id='word_1_361' title='bbox 1536 4159 1678 4244; x_wconf 76' lang='lat' dir='ltr'>legiones</span> <span class='ocrx_word' id='word_1_362' title='bbox 1698 4163 1876 4229; x_wconf 84' lang='lat' dir='ltr'>revertisse.</span> <span class='ocrx_word' id='word_1_363' title='bbox 1931 4159 2120 4245; x_wconf 77' lang='lat' dir='ltr'>Pompeias,</span> <span class='ocrx_word' id='word_1_364' title='bbox 2146 4167 2184 4230; x_wconf 89' lang='lat' dir='ltr'>ut</span> <span class='ocrx_word' id='word_1_365' title='bbox 2202 4165 2262 4230; x_wconf 89' lang='lat' dir='ltr'>sibl</span> <span class='ocrx_word' id='word_1_366' title='bbox 2283 4167 2382 4252; x_wconf 89' lang='lat' dir='ltr'>patris</span> <span class='ocrx_word' id='word_1_367' title='bbox 2485 4143 2486 4172; x_wconf 61' lang='lat'>³</span> 
     </span>
     <span class='ocr_line' id='line_1_31' title="bbox 744 4278 2382 4368; baseline 0.001 -17"><span class='ocrx_word' id='word_1_368' title='bbox 744 4302 823 4368; x_wconf 92' lang='lat' dir='ltr'>opes</span> <span class='ocrx_word' id='word_1_369' title='bbox 843 4281 1052 4350; x_wconf 88' lang='lat' dir='ltr'>redderentur</span> <span class='ocrx_word' id='word_1_370' title='bbox 1072 4279 1198 4363; x_wconf 88' lang='lat' dir='ltr'>sibique</span> <span class='ocrx_word' id='word_1_371' title='bbox 1217 4278 1257 4345; x_wconf 90' lang='lat' dir='ltr'>ad</span> <span class='ocrx_word' id='word_1_372' title='bbox 1277 4279 1377 4347; x_wconf 89' lang='lat' dir='ltr'>larem</span> <span class='ocrx_word' id='word_1_373' title='bbox 1398 4297 1492 4346; x_wconf 88' lang='lat' dir='ltr'>suum</span> <span class='ocrx_word' id='word_1_374' title='bbox 1509 4278 1617 4346; x_wconf 89' lang='lat' dir='ltr'>redire</span> <span class='ocrx_word' id='word_1_375' title='bbox 1638 4279 1750 4347; x_wconf 89' lang='lat' dir='ltr'>liceret</span> <span class='ocrx_word' id='word_1_376' title='bbox 1769 4283 1805 4346; x_wconf 90' lang='lat' dir='ltr'>et</span> <span class='ocrx_word' id='word_1_377' title='bbox 1822 4283 1861 4346; x_wconf 91' lang='lat' dir='ltr'>ut</span> <span class='ocrx_word' id='word_1_378' title='bbox 1873 4297 1985 4346; x_wconf 92' lang='lat' dir='ltr'>omnes</span> <span class='ocrx_word' id='word_1_379' title='bbox 2006 4281 2165 4348; x_wconf 87' lang='lat' dir='ltr'>exercitus</span> <span class='ocrx_word' id='word_1_380' title='bbox 2187 4281 2382 4352; x_wconf 85' lang='lat' dir='ltr'>dimitteren-</span> 
     </span>
     <span class='ocr_line' id='line_1_32' title="bbox 742 4395 2382 4488; baseline 0.002 -20"><span class='ocrx_word' id='word_1_381' title='bbox 742 4405 814 4478; x_wconf 89' lang='lat' dir='ltr'>tur,</span> <span class='ocrx_word' id='word_1_382' title='bbox 833 4397 1011 4485; x_wconf 86' lang='lat' dir='ltr'>postularit</span> <span class='ocrx_word' id='word_1_383' title='bbox 1057 4397 1215 4464; x_wconf 74' lang='lat' dir='ltr'>Antonius</span> <span class='ocrx_word' id='word_1_384' title='bbox 1236 4401 1270 4463; x_wconf 87' lang='lat' dir='ltr'>et</span> <span class='ocrx_word' id='word_1_385' title='bbox 1288 4395 1445 4481; x_wconf 82' lang='lat' dir='ltr'>Lepidus,</span> <span class='ocrx_word' id='word_1_386' title='bbox 1466 4396 1521 4480; x_wconf 88' lang='lat' dir='ltr'>qni</span> <span class='ocrx_word' id='word_1_387' title='bbox 1536 4396 1730 4482; x_wconf 74' lang='lat' dir='ltr'>Pompeium</span> <span class='ocrx_word' id='word_1_388' title='bbox 1749 4415 1833 4464; x_wconf 58' lang='lat' dir='ltr'>&#39;cnm</span> <span class='ocrx_word' id='word_1_389' title='bbox 1858 4399 2002 4466; x_wconf 85' lang='lat' dir='ltr'>exercitu</span> <span class='ocrx_word' id='word_1_390' title='bbox 2021 4416 2088 4465; x_wconf 93' lang='lat' dir='ltr'>uon</span> <span class='ocrx_word' id='word_1_391' title='bbox 2109 4399 2214 4466; x_wconf 87' lang='lat' dir='ltr'>solum</span> <span class='ocrx_word' id='word_1_392' title='bbox 2236 4419 2382 4488; x_wconf 86' lang='lat' dir='ltr'>magnam</span> 
     </span>
     <span class='ocr_line' id='line_1_33' title="bbox 742 4514 2381 4602; baseline 0.001 -16"><span class='ocrx_word' id='word_1_393' title='bbox 742 4519 807 4586; x_wconf 81' lang='lat' dir='ltr'>sim</span> <span class='ocrx_word' id='word_1_394' title='bbox 827 4515 1102 4602; x_wconf 85' lang='lat' dir='ltr'>inrempablicam</span> <span class='ocrx_word' id='word_1_395' title='bbox 1114 4514 1244 4594; x_wconf 89' lang='lat' dir='ltr'>babere,</span> <span class='ocrx_word' id='word_1_396' title='bbox 1264 4516 1322 4582; x_wconf 92' lang='lat' dir='ltr'>sed</span> <span class='ocrx_word' id='word_1_397' title='bbox 1336 4515 1395 4582; x_wconf 94' lang='lat' dir='ltr'>sibi</span> <span class='ocrx_word' id='word_1_398' title='bbox 1410 4533 1540 4601; x_wconf 91' lang='lat' dir='ltr'>quoqne</span> <span class='ocrx_word' id='word_1_399' title='bbox 1553 4516 1769 4600; x_wconf 87' lang='lat' dir='ltr'>maximopere</span> <span class='ocrx_word' id='word_1_400' title='bbox 1782 4533 1901 4583; x_wconf 87' lang='lat' dir='ltr'>nocere</span> <span class='ocrx_word' id='word_1_401' title='bbox 1921 4533 2033 4600; x_wconf 90' lang='lat' dir='ltr'>posse,</span> <span class='ocrx_word' id='word_1_402' title='bbox 2055 4515 2285 4602; x_wconf 75' lang='lat' dir='ltr'>intelligebant,</span> <span class='ocrx_word' id='word_1_403' title='bbox 2306 4533 2381 4588; x_wconf 91' lang='lat' dir='ltr'>cum</span> 
     </span>
     <span class='ocr_line' id='line_1_34' title="bbox 743 4631 2380 4728; baseline 0.002 -23"><span class='ocrx_word' id='word_1_404' title='bbox 743 4636 898 4721; x_wconf 79' lang='lat' dir='ltr'>Pompeio</span> <span class='ocrx_word' id='word_1_405' title='bbox 919 4637 1015 4721; x_wconf 89' lang='lat' dir='ltr'>lgitnr</span> <span class='ocrx_word' id='word_1_406' title='bbox 1034 4635 1147 4702; x_wconf 88' lang='lat' dir='ltr'>loedus</span> <span class='ocrx_word' id='word_1_407' title='bbox 1168 4639 1203 4702; x_wconf 93' lang='lat' dir='ltr'>et</span> <span class='ocrx_word' id='word_1_408' title='bbox 1222 4635 1378 4701; x_wconf 88' lang='lat' dir='ltr'>amicitiae</span> <span class='ocrx_word' id='word_1_409' title='bbox 1398 4635 1559 4704; x_wconf 81' lang='lat' dir='ltr'>vinculum</span> <span class='ocrx_word' id='word_1_410' title='bbox 1580 4635 1660 4700; x_wconf 91' lang='lat' dir='ltr'>inire</span> <span class='ocrx_word' id='word_1_411' title='bbox 1681 4633 1885 4714; x_wconf 84' lang='lat' dir='ltr'>studuerunt,</span> <span class='ocrx_word' id='word_1_412' title='bbox 1906 4639 1943 4701; x_wconf 93' lang='lat' dir='ltr'>ut</span> <span class='ocrx_word' id='word_1_413' title='bbox 1957 4653 1999 4700; x_wconf 87' lang='lat' dir='ltr'>ex</span> <span class='ocrx_word' id='word_1_414' title='bbox 2012 4631 2073 4702; x_wconf 87' lang='lat' dir='ltr'>bac</span> <span class='ocrx_word' id='word_1_415' title='bbox 2085 4641 2175 4719; x_wconf 86' lang='lat' dir='ltr'>parte</span> <span class='ocrx_word' id='word_1_416' title='bbox 2188 4637 2249 4704; x_wconf 74' lang='lat' dir='ltr'>orti</span> <span class='ocrx_word' id='word_1_417' title='bbox 2264 4645 2380 4728; x_wconf 81' lang='lat' dir='ltr'>essent,</span> 
     </span>
     <span class='ocr_line' id='line_1_35' title="bbox 717 4751 2382 4838; baseline 0.002 -15"><span class='ocrx_word' id='word_1_418' title='bbox 717 4754 930 4838; x_wconf 73' lang='lat' dir='ltr'>·&#39;Pompe1‘us,</span> <span class='ocrx_word' id='word_1_419' title='bbox 953 4753 1127 4838; x_wconf 88' lang='lat' dir='ltr'>praecipue</span> <span class='ocrx_word' id='word_1_420' title='bbox 1146 4751 1268 4836; x_wconf 87' lang='lat' dir='ltr'>Lepido</span> <span class='ocrx_word' id='word_1_421' title='bbox 1289 4757 1436 4833; x_wconf 89' lang='lat' dir='ltr'>auctore,</span> <span class='ocrx_word' id='word_1_422' title='bbox 1464 4771 1577 4837; x_wconf 88' lang='lat' dir='ltr'>pacem</span> <span class='ocrx_word' id='word_1_423' title='bbox 1596 4769 1662 4821; x_wconf 93' lang='lat' dir='ltr'>non</span> <span class='ocrx_word' id='word_1_424' title='bbox 1682 4752 1875 4836; x_wconf 84' lang='lat' dir='ltr'>repudiarit,</span> <span class='ocrx_word' id='word_1_425' title='bbox 1902 4769 2019 4838; x_wconf 87' lang='lat' dir='ltr'>resque</span> <span class='ocrx_word' id='word_1_426' title='bbox 2039 4753 2083 4819; x_wconf 87' lang='lat' dir='ltr'>ita</span> <span class='ocrx_word' id='word_1_427' title='bbox 2103 4759 2232 4838; x_wconf 90' lang='lat' dir='ltr'>peracta</span> <span class='ocrx_word' id='word_1_428' title='bbox 2253 4762 2316 4837; x_wconf 91' lang='lat' dir='ltr'>est,</span> <span class='ocrx_word' id='word_1_429' title='bbox 2344 4762 2382 4826; x_wconf 88' lang='lat' dir='ltr'>ut</span> 
     </span>
     <span class='ocr_line' id='line_1_36' title="bbox 742 4870 2381 4962; baseline 0.006 -22"><span class='ocrx_word' id='word_1_430' title='bbox 742 4873 913 4960; x_wconf 77' lang='lat' dir='ltr'>Pompeius</span> <span class='ocrx_word' id='word_1_431' title='bbox 933 4887 977 4941; x_wconf 84' lang='lat' dir='ltr'>cx</span> <span class='ocrx_word' id='word_1_432' title='bbox 994 4873 1124 4940; x_wconf 84' lang='lat' dir='ltr'>senatos</span> <span class='ocrx_word' id='word_1_433' title='bbox 1144 4870 1275 4939; x_wconf 89' lang='lat' dir='ltr'>decreto</span> <span class='ocrx_word' id='word_1_434' title='bbox 1293 4873 1414 4942; x_wconf 76' lang='lat' dir='ltr'>anan</span> <span class='ocrx_word' id='word_1_435' title='bbox 1438 4873 1607 4961; x_wconf 88' lang='lat' dir='ltr'>pecuniam</span> <span class='ocrx_word' id='word_1_436' title='bbox 1634 4871 1810 4959; x_wconf 88' lang='lat' dir='ltr'>acciperet,</span> <span class='ocrx_word' id='word_1_437' title='bbox 1843 4875 1994 4960; x_wconf 82' lang='lat' dir='ltr'>quantam</span> <span class='ocrx_word' id='word_1_438' title='bbox 2020 4888 2064 4944; x_wconf 81' lang='lat' dir='ltr'>ex</span> <span class='ocrx_word' id='word_1_439' title='bbox 2088 4872 2181 4946; x_wconf 87' lang='lat' dir='ltr'>bonis</span> <span class='ocrx_word' id='word_1_440' title='bbox 2206 4876 2318 4962; x_wconf 70' lang='lat' dir='ltr'>patriis</span> <span class='ocrx_word' id='word_1_441' title='bbox 2345 4877 2381 4952; x_wconf 83' lang='lat' dir='ltr'>iu</span> 
     </span>
    </p>
   </div>
   <div class='ocr_carea' id='block_1_5' title="bbox 0 0 2664 6609">
    <p class='ocr_par' dir='ltr' id='par_1_5' title="bbox 0 0 2664 6609">
     <span class='ocr_line' id='line_1_37' title="bbox 0 0 2664 6609; baseline 0 4"><span class='ocrx_word' id='word_1_442' title='bbox 0 0 2664 6609; x_wconf 95' lang='lat' dir='ltr'> </span> 
     </span>
    </p>
   </div>
  </div>
 </body>
</html>
