5317 6609
1028 724 1235 745 *ι*

305 853 378 918 losa
391 801 481 928 erat,
501 865 576 917 nam
597 824 752 919 libertads
773 849 867 918 surici
887 849 918 916 ei
939 845 1083 916 diffidere
1105 849 1301 934 debuerunt,
1320 871 1363 924 ne
1385 851 1527 922 Caesaris
1549 851 1661 919 divitiis
1683 853 1810 927 auctus,
1831 843 1945 913 caesu-
1968 813 1972 823 ¹
2059 821 2067 847 '

305 970 353 1036 ris
372 968 548 1052 potentium
569 987 698 1053 quoque
718 969 778 1035 sibi
797 987 910 1054 parare
930 967 1088 1047 studeret,
1108 972 1265 1037 Antonius
1287 991 1306 1038 e
1328 971 1485 1038 contrario
1502 989 1575 1037 eum
1588 969 1710 1046 timuit,
1731 984 1773 1034 nc
1795 983 1850 1030 suu
1873 979 1946 1029 con·

306 1086 379 1154 silis
399 1087 487 1154 irritu
507 1086 640 1166 luceret,
661 1106 724 1172 qua
744 1087 786 1154 de
807 1105 902 1154 causa
922 1091 1024 1151 mater
1036 1086 1122 1151 attia
1141 1093 1174 1155 et
1186 1087 1350 1172 Philippus
1363 1090 1492 1155 vitricus
1514 1107 1588 1154 oum
1608 1088 1748 1152 retinere
1769 1082 1946 1160 voluerunt,

306 1203 397 1288 quod
417 1205 599 1283 consilium,
627 1208 701 1290 qula
714 1219 758 1271 'se
779 1205 942 1286 iudignum
963 1207 1062 1280 esset,
1090 1206 1281 1291 repudiavit,
1310 1207 1416 1290 ltaque
1436 1207 1570 1272 Romam
1592 1224 1627 1271 se
1649 1201 1783 1270 contulit
1801 1193 1966 1264 haeredi·

259 1330 262 1338 ‘
304 1329 408 1392 tatem
428 1325 579 1392 aditurus.
600 1325 661 1391 rid.
681 1324 770 1391 Suet.
792 1322 921 1391 Oct-
939 1322 1129 1406 ,Ceterum
1149 1325 1230 1392 urbe
1250 1327 1400 1408 repetita,
1421 1324 1648 1392 haereditatem
1670 1319 1760 1397 adiit,
1782 1317 1944 1382 dubitante
2075 1407 2078 1414 ,

307 1447 451 1526 ,matre
478 1443 588 1510 vitrico
608 1461 684 1510 vero
704 1440 992 1526 Marcionilippo
1021 1441 1178 1510 consulari
1204 1442 1340 1508 multum
1366 1439 1600 1508 dissuadente¹¹
1652 1437 1720 1507 Una
1742 1453 1815 1501 curn
1835 1431 1945 1497 haere·

304 1558 408 1626 ditate
429 1558 587 1639 (11111111,
607 1561 705 1644 patris
725 1558 879 1645 adoptivi,
900 1578 1018 1626 nomeu
1039 1560 1112 1626 tulit
1131 1567 1226 1645 atquc
1248 1558 1283 1628 C.
1303 1561 1406 1626 lulius
1429 1559 1545 1627 Cacsar
1566 1551 1755 1626 Octavianus
1776 1549 1944 1619 111111111-

303 1681 417 1755 uatus,
445 1675 558 1745 Cicero
585 1679 681 1762 igitur
707 1695 783 1744 eum
803 1677 899 1745 modo
921 1677 1103 1759 Octavium,
1124 1662 1219 1744 modo
1242 1676 1449 1745 Octavianum
1471 1677 1616 1761 appellat.
1657 1674 1846 1755 Priusquam
1866 1683 1942 1733 vero

305 1796 342 1864 iu
362 1798 475 1864 urbem
495 1797 702 1873 concesserit,
732 1794 861 1874 Cicero,
883 1796 938 1879 qul
960 1797 1029 1880 eius
1050 1798 1189 1864 animum
1209 1801 1432 1881 perspexerat,
1459 1796 1512 1861 tali
1535 1793 1630 1860 modo
1659 1792 1699 1858 dc
1728 1809 1768 1856 1ο
1790 1787 1829 1854 ad
1851 1800 1942 1851 suurn

303 1915 448 1982 naucum
474 1913 599 1980 scribit:
651 1911 847 1998 ,Nobiscum
875 1911 928 1979 bic
954 1914 1187 1999 perhonorifice
1215 1920 1249 1982 et
1275 1915 1377 1982 urnioe
1406 1912 1572 1981 Octavius:
1613 1929 1709 1996 quem
1737 1907 1866 1992 1111111111
1894 1902 1942 1970 roi

304 2027 501 2112 ,0111111111
521 2031 713 2116 salutabant,
742 2026 907 2113 Philippus
928 2049 1008 2111 uon,
1030 2035 1137 2119 itaque
1158 2052 1200 2099 ne
1220 2051 1280 2100 nos
1302 2032 1446 2116 quiidem:
1483 2049 1578 2114 quem
1599 2049 1682 2112 nego
1703 2043 1797 2112 posse
1824 2000 1957 2089 bonum*

305 2148 449 2230 ,civem,
469 2150 513 2215 ita
527 2148 617 2214 mirlti
633 2149 851 2227 circumstent,
873 2149 928 2231 qui
950 2150 1079 2234 quidem
1099 2154 1214 2219 nostris
1235 2156 1371 2218 monem
1392 2151 1591 2224 miniterium
1615 2152 1746 2232 negant,
1768 2145 1847 2210 haec
1866 2139 1943 2207 terri

305 2283 444 2350 ,posse;
479 2266 556 2349 quid
577 2280 705 2344 censes,
734 2282 833 2347 quum
852 2264 987 2332 Romam
1007 2286 1089 2351 puer
1108 2271 1246 2351 venerit,
1280 2271 1336 2338 ubi
1364 2271 1463 2337 nostri
1492 2257 1677 2334 liberatores
1697 2267 1758 2332 tuli
1780 2281 1851 2330 esse
1880 2279 1945 2328 non

306 2385 488 2470 ,possuntt
509 2384 564 2468 qrri
585 2384 714 2468 quidem
735 2400 863 2467 semper
883 2391 977 2451 erunt
997 2387 1088 2467 clari,
1110 2389 1302 2456 conscientia
1322 2408 1397 2455 vero
1420 2388 1492 2454 iacti
1505 2387 1562 2452 ‘sui
1585 2387 1680 2451 etium
1700 2381 1817 2450 beati.¹'

409 2504 567 2570 Antonius
593 2502 720 2568 interim
746 2519 813 2568 nou
832 2502 937 2568 solum
958 2503 1032 2571 dolo
1054 2510 1088 2572 et
1107 2506 1218 2574 hunde
1238 2507 1295 2574 sed
1315 2511 1425 2591 aperta
1445 2507 1490 2584 vi,
1517 2510 1554 2571 ut
1575 2504 1667 2571 citius
1688 2501 1819 2568 consilia
1839 2496 1943 2581 turpia

305 2623 440 2705 exsequi
453 2627 576 2704 posset,
598 2621 763 2699 utebatur,
783 2638 858 2686 num
879 2622 913 2688 in
934 2623 1048 2690 itinere
1068 2643 1128 2708 per
1147 2625 1268 2691 ltaliam
1289 2629 1438 2709 suscepto
1459 2616 1624 2689 veteranos
1646 2618 1788 2686 Caesaris
1808 2615 1943 2699 pecunia

305 2742 367 2806 sibi
389 2739 580 2823 compararit
606 2757 783 2824 eorumque
811 2758 957 2824 magnam
985 2725 1240 2825 copiam'secum
1258 2743 1393 2810 Romam
1415 2744 1520 2822 duxit,
1555 2746 1592 2806 ut
1612 2740 1655 2805 ibi
1676 2740 1802 2823 praesto
1826 2737 1942 2812 essent,

305 2857 449 2926 Caesaris
469 2876 544 2925 vero
567 2857 783 2943 chirographis
804 2859 977 2941 corruptis,
999 2864 1357 2944 quaecunquerolebat,
1378 2862 1510 2949 protulit
1529 2862 1617 2927 uisus
1639 2861 1765 2924 senatus
1787 2852 1942 2932 consulto,

304 2975 451 3046 Cameris
478 2980 548 3042 acta
574 2980 642 3043 rata
670 2993 752 3042 csso.
800 2975 941 3042 Pecunia
961 2977 1067 3044 omnis
1086 2983 1208 3049 11111111
1228 2987 1334 3062 erant,
1370 2983 1453 3048 11111
1474 2996 1636 3046 seruorum
1662 2977 1759 3042 instar
1779 2970 1942 3049 1111111111,

303 3095 380 3162 inde
395 3094 557 3162 Ciceronis
571 3095 682 3162 verba:
705 3093 755 3179 ,0
768 3113 838 3161 rem
852 3095 1016 3175 miserum,
1032 3097 1194 3166 dominum
1207 3100 1291 3166 11111
1305 3118 1371 3167 non
1384 3080 1562 3185 potuimus,
1583 3111 1735 3161 conservo
1750 3085 1936 3164 serdmus,¹'

299 3209 345 3280 ’ud
366 3214 462 3280 famu.
485 3213 541 3291 12,
562 3212 592 3279 d.
636 3211 692 3296 ,0
713 3213 757 3278 dii
772 3209 864 3279 boni!
885 3215 961 3280 vivit
978 3217 1138 3300 tyrannis,
1159 3223 1309 3302 1111111111
1330 3213 1462 3284 occidit!
1484 3217 1552 3298 ejus
1573 3213 1730 3280 interlecti
1752 3214 1855 3276 morte
1877 3208 1940 3273 lue·

307 3338 452 3417 ,tamur,
473 3331 563 3416 cujus
584 3329 665 3397 iacta
686 3329 919 3411 defendimus!
943 3330 983 3398 ud
996 3335 1091 3400 attic.
1111 3335 1164 3402 lib.
1186 3338 1241 3418 lt,
1262 3336 1293 3405 11.
1334 3335 1388 3404 Sic
1403 3334 1544 3404 cresum
1565 3333 1694 3399 nomine
1716 3331 1831 3421 abusus
1854 3327 1942 3394 Sicu·

303 3451 344 3518 lis
364 3451 512 3519 omnibus
533 3450 690 3517 civitatem
712 3447 888 3516 liomunum
909 3449 997 3519 dedit
1016 3457 1113 3535 atquc
1132 3457 1200 3540 regi
1213 3456 1366 3538 Deiotaro
1387 3470 1481 3521 omne
1501 3469 1635 3537 regnum
1656 3449 1793 3516 reddidit
1813 3451 1942 3530 accepta

303 3571 415 3655 grandi
435 3569 580 3653 pecunia.
601 3568 692 3651 epist
713 3568 754 3633 ad
773 3568 868 3635 stuc.
889 3567 943 3634 lib.
974 3571 1027 3647 14,
1052 3571 1107 3651 ld,
1130 3579 1207 3641 orat.
1234 3573 1327 3639 Phili.
1354 3573 1392 3652 P,
1427 3571 1478 3638 31.
1527 3575 1662 3654 Aperte,
1697 3567 1817 3653 (inquit
1836 3564 1942 3631 Velle·

300 3688 373 3774 jus)
394 3687 523 3756 Antonii
552 3703 590 3752 uc
609 3684 813 3766 Dolabellae,
842 3683 942 3770 (hunc
970 3689 1056 3755 enim
1083 3694 1217 3774 pecumia
1244 3692 1343 3758 muita
1370 3691 1430 3757 sibi
1459 3686 1692 3773 conciliaverat)
1715 3687 1819 3771 empit
1845 3684 1942 3749 furor.

302 3807 493 3875 Sestertium
515 3806 633 3889 septies
653 3805 768 3870 millies
789 3823 808 3870 a
830 3803 965 3873 Caesare
993 3809 1034 3875 ad
1062 3781 1174 3876 ucdcm
1202 3807 1282 3893 Opis
1310 3808 1490 3892 depositum
1517 3808 1673 3873 Antonius
1702 3807 1822 3889 rapuit,
1859 3802 1939 3870 Phil.

197 3935 201 3943 '
299 3926 338 4005 2,
360 3925 412 3993 si.
449 3923 532 4007 ,ilbi
554 3929 604 3990 est
624 3925 741 4007 septies
762 3922 877 3990 millies
898 3928 1096 4005 sestertium,
1118 3927 1203 4010 quod
1217 3929 1250 3994 in
1263 3927 1392 4006 tabulis,
1415 3944 1496 4007 quae
1511 3932 1584 3993 sunt
1605 3925 1644 3992 ad
1665 3923 1761 4009 Opis,
1782 3919 1937 4007 putebat-'¹

301 4044 429 4126 Quibus
450 4042 585 4109 insiliis
607 4039 720 4109 Cicero
740 4060 800 4127 per
820 4060 947 4110 meuses
968 4045 1111 4128 Aprilem
1136 4051 1170 4113 et
1188 4029 1310 4129 Maium
1328 4045 1497 4111 masticatus
1513 4045 1568 4122 sit,
1590 4041 1742 4126 epistolae
1763 4041 1817 4106 lib.
1840 4041 1878 4106 ll
1899 4039 1940 4104 ud

300 4165 444 4231 Atticum
464 4162 600 4245 scriptae
621 4161 854 4239 demonstrant,
877 4179 919 4228 ex
940 4163 1053 4244 quibus
1074 4181 1202 4247 guoque
1223 4165 1429 4249 intelligimus
1449 4168 1486 4229 rt
1508 4163 1645 4230 llirtium
1672 4161 1834 4227 consulem
1856 4159 1937 4225 desi·

300 4286 432 4367 gnatum
452 4281 485 4346 in
505 4277 682 4346 Puteolano
704 4296 777 4344 curu
798 4275 955 4346 Cicerone
975 4280 1083 4347 inisse.
1103 4285 1144 4350 sd
1164 4285 1259 4351 nola
1286 4285 1339 4349 lib.
1363 4283 1419 4363 15,
1449 4284 1477 4350 1.
1528 4283 1670 4367 „Hirtius
1693 4281 1776 4364 apud
1797 4297 1848 4344 me
1871 4281 1939 4344 erat

301 4402 337 4468 in
357 4397 561 4467 Puteolano.“
619 4395 693 4477 Quo
721 4398 827 4465 animo
849 4395 963 4466 Cicero
990 4399 1122 4468 allectus
1150 4402 1306 4469 11111111
1334 4419 1415 4484 quae
1436 4402 1476 4467 dc
1496 4420 1604 4467 rerum
1633 4405 1716 4466 111111
1744 4399 1936 4482 cogitaverit,

300 4519 423 4606 optime
444 4519 646 4601 cognoscitur
665 4527 707 4584 ex
728 4517 878 4601 epistota,
914 4533 1009 4600 quum
1030 4525 1169 4588 exeunte
1189 4520 1274 4604 Maio
1296 4521 1336 4586 ud
1358 4518 1500 4588 Cassium
1528 4520 1668 4604 scripsit,
1704 4519 1737 4584 in
1758 4531 1819 4598 qus
1849 4517 1938 4582 dicit:

302 4638 372 4722 ,ut
392 4635 496 4702 adhuc
516 4636 644 4716 quidem
664 4641 771 4703 sctum
791 4640 858 4716 est,
892 4655 958 4706 non
984 4640 1102 4723 regno,
1136 4640 1195 4706 sed
1214 4657 1291 4724 rcge
1312 4639 1436 4706 liberali
1457 4639 1609 4704 videmur.
1657 4637 1828 4704 Interfecto
1853 4637 1938 4702 enim

303 4773 407 4840 ,rege
426 4754 532 4838 regios
553 4769 664 4820 omnes
684 4756 780 4820 nutus
800 4760 939 4822 tuemur.
986 4755 1099 4838 Neque
1119 4777 1195 4826 vero
1215 4759 1249 4825 id
1276 4758 1398 4836 solum,
1425 4758 1483 4824 sed
1504 4757 1598 4824 ctiam
1627 4773 1709 4837 quae
1729 4757 1798 4840 ipse
1819 4755 1889 4832 ille,
1910 4752 1938 4820 sl

303 4877 463 4963 ,1111111,
490 4892 557 4946 nou
575 4873 711 4956 iaceret,
740 4891 780 4944 ea
798 4891 859 4945 nos
879 4877 970 4961 uuasi
997 4879 1132 4965 cogitata
1152 4877 1192 4947 ab
1219 4876 1276 4947 iilo
1315 4877 1497 4965 probamus.
1551 4873 1618 4947 ilco
1646 4876 1714 4964 ejus
1743 4871 1937 4956 1111111111
