5317 6609
1542 545 1582 630 4

1448 657 1654 683 m

842 788 887 861 lb
907 788 1078 872 maios.
1105 786 1161 873 qui
1186 793 1261 876 post
1280 783 1424 858 camnis
1444 791 1596 868 mortam,
1616 791 1653 856 nt
1669 785 1735 872 iam
1754 803 1851 876 supra
1872 785 1991 858 dictum
2011 789 2076 872 est,
2096 789 2209 858 mxins
2230 787 2323 858 «lomi
2350 803 2401 856 se

646 900 651 907 ’
741 912 956 988 minuerat,
977 927 1066 989 mox,
1088 927 1186 993 quum
1200 910 1381 992 conjuratos
1402 907 1528 974 fflmum
1542 907 1709 976 consilium
1718 925 1784 975 non
1798 908 1921 993 cepisse
1934 908 2077 990 vidisset,
2100 909 2235 978 latebrss
2249 909 2401 994 reliquit

740 1037 837 1114 atque
864 1043 964 1110 quum
990 1026 1025 1094 in
1050 1024 1111 1094 bac
1130 1043 1239 1094 rerum
1260 1023 1443 1092 conditione
1463 1027 1498 1090 et
1517 1027 1696 1096 mimorum
1724 1027 1867 1096 omnium
1892 1029 2132 1113 perturbatione
2158 1028 2233 1098 dolo
2254 1033 2395 1098 antam

741 1153 775 1216 et
794 1145 962 1214 colliditur
982 1145 1023 1212 ad
1043 1145 1140 1212 linem
1158 1143 1359 1230 propositum
1379 1159 1416 1209 se
1441 1145 1607 1225 perseniae
1634 1161 1730 1230 posse
1757 1143 1964 1230 intelligeret,
1998 1147 2121 1234 Lepido
2149 1165 2296 1233 quoqne,
2329 1147 2395 1232 qui

741 1285 814 1334 cum
836 1266 979 1332 exercitu
998 1281 1099 1348 prope
1118 1263 1255 1330 Romam
1275 1265 1360 1340 crat,
1385 1267 1482 1344 atque
1502 1259 1587 1330 illico
1608 1260 1828 1330 interfectores
1849 1260 1992 1332 &esuris
2012 1264 2126 1349 punire
2146 1263 2287 1343 nolebat,
2310 1281 2395 1349 per·

739 1383 852 1462 suasit,
872 1388 910 1449 ut
927 1387 1037 1450 essent
1050 1382 1150 1466 quieti
1164 1384 1261 1464 atque
1281 1378 1482 1446 simulatione
1495 1379 1562 1447 seni
1583 1379 1706 1447 consilii
1728 1381 1908 1464 conjuratos
1928 1385 2025 1466 atque
2044 1381 2239 1468 reipublicae
2260 1381 2392 1450 amicos

741 1517 871 1570 scauros
890 1501 1077 1577 redderent,
1112 1516 1209 1582 quam
1236 1498 1278 1565 ob
1307 1514 1435 1564 causam
1463 1497 1496 1564 in
1517 1501 1630 1566 senatu
1658 1513 1788 1582 quoque
1809 1497 1850 1564 de
1871 1497 2040 1565 concordia
2060 1497 2172 1567 babuit
2191 1500 2390 1581 orationem,

739 1636 898 1703 tuumque
925 1618 1027 1684 tilium
1047 1617 1140 1683 sicuti
1162 1616 1274 1703 Lepidi
1295 1614 1414 1684 liberos
1435 1616 1562 1685 obsides
1580 1615 1683 1695 dedit.
1704 1633 1769 1700 quo
1789 1631 1853 1700 pax
1880 1615 2064 1684 confirmata
2083 1617 2256 1685 videbatur.
2299 1617 2389 1686 Gon·

737 1737 848 1823 iurati,
870 1752 968 1818 quum
989 1735 1030 1802 (le
1051 1730 1195 1802 &esuris
1217 1735 1316 1803 caede
1338 1735 1449 1818 quaeri
1471 1734 1504 1802 in
1528 1732 1650 1817 jndicio
1677 1750 1744 1801 non
1770 1731 1899 1832 placem
1926 1738 2056 1802 senatus
2077 1735 2257 1804 consultum
2279 1735 2389 1816 lieret,

740 1855 817 1924 iicet
835 1853 990 1922 suadente
1008 1853 1148 1921 Antonio
1169 1857 1239 1922 aeta
1258 1829 1404 1924 comana
1424 1857 1520 1937 atque
1540 1852 1670 1920 decreta
1689 1854 1759 1920 rata
1778 1867 1850 1920 esse
1870 1854 1905 1918 ct
1922 1850 2041 1920 Pisone
2061 1856 2192 1922 ancwra
2213 1851 2390 1927 &marem

741 1972 854 2042 iuuere
875 1971 1071 2038 eliciendum
1092 1972 1226 2058 ejusque
1246 1976 1473 2040 testamentum
1493 1969 1735 2056 proterendum,
1755 1969 1843 2055 qnod
1856 1969 1976 2068 malum
1995 1975 2065 2038 erat
2084 1988 2196 2051 omen,
2217 1977 2390 2040 muniones

741 2094 927 2168 censerent,
961 2091 1090 2156 Antonii
1118 2091 1288 2158 calliditate
1316 2091 1442 2176 decepti
1465 2087 1654 2175 Capitolium
1681 2087 1881 2172 reliquerunt
1907 2093 1942 2156 ct
1959 2088 2078 2158 Brubns
2106 2089 2191 2176 apud
2211 2089 2387 2175 Lepidum,
2418 2125 2420 2130 ·

735 2207 869 2278 enain
889 2206 973 2290 apud
992 2209 1182 2285 moniam,
1209 2208 1308 2274 ceteri
1327 2207 1413 2292 apud
1433 2207 1512 2274 alios
1532 2211 1724 2285 coenasunt,
1744 2206 1806 2274 aid.
1825 2203 1985 2274 Plutarch.
2004 2208 2094 2278 Brut
2115 2208 2200 2278 cives
2219 2225 2297 2275 vero
2318 2223 2388 2276 uon

740 2324 848 2394 solum
881 2323 1058 2392 libertatem
1098 2327 1294 2404 munnam,
1322 2309 1383 2392 sed
1417 2342 1531 2410 pacem
1558 2328 1593 2392 ct
1626 2324 1768 2408 quictem
1799 2323 1866 2408 lam
1906 2323 2013 2392 flrmos
2056 2343 2128 2394 esse
2169 2323 2387 2403 crediderunt.

594 2477 606 2502 .
740 2442 913 2530 praecipue
941 2460 1041 2527 quum
1066 2446 1197 2527 postero
1223 2443 1276 2510 dia
1303 2444 1459 2525 conjurati
1480 2461 1500 2511 o
1521 2446 1650 2510 senatum
1672 2441 1802 2510 decreto
1822 2443 1999 2529 provincias
2020 2444 2280 2511 administrandas
2302 2444 2385 2510 acci·

741 2565 871 2648 parent,
891 2560 935 2628 bs
954 2560 1073 2627 Brutus
1095 2558 1238 2639 Cretam
1258 2558 1387 2628 &osius
1407 2560 1564 2642 iliricum,
1591 2562 1769 2630 'lbabouius
1790 2564 1913 2641 Asiam,
1942 2561 2071 2630 Cimber
2090 2561 2268 2647 bithyniam
2290 2567 2324 2630 et
2342 2561 2383 2628 lt.

742 2680 860 2750 Brutus
874 2678 1018 2747 Galliam.
1058 2679 1096 2746 1n
1117 2678 1229 2746 tonare
1244 2677 1387 2747 Caesaris
1408 2680 1565 2747 Antonius
1586 2681 1672 2748 clare
1692 2681 1847 2759 ostendit,
1868 2698 2020 2762 quornm
2040 2683 2148 2764 partes
2169 2697 2264 2764 agere
2278 2678 2383 2760 uellet,

742 2817 818 2868 uam
851 2797 914 2864 boc
941 2795 1053 2866 lomere
1085 2797 1205 2864 indicto
1232 2816 1259 2863 s.
1288 2796 1376 2864 Suet
1405 2796 1496 2864 Caes.
1523 2795 1559 2864 (L
1580 2795 1631 2866 84.
1658 2817 1755 2883 rogus
1783 2803 1962 2864 emunctae
1990 2801 2040 2864 eat
2066 2797 2100 2863 in
2127 2815 2240 2881 campo
2267 2795 2381 2864 biartio

740 2919 831 3002 juxta
849 2898 953 2984 inlice
973 2915 1145 2992 tumulum
1171 2922 1205 2984 et
1223 2934 1282 3001 pro
1303 2917 1414 2982 nostrin
1435 2919 1543 2982 aurata
1570 2915 1664 2982 sedes
1697 2915 1736 2980 nd
1763 2915 1967 2982 simulacrum
1993 2915 2104 3000 templi
2125 2915 2258 2982 Veneris
2287 2913 2380 2984 cant·

742 3037 831 3106 tricis
852 3035 1021 3113 collocata,
1042 3035 1187 3118 intraque
1208 3034 1310 3102 lacon
1333 3035 1507 3112 eburneus.
1528 3051 1606 3100 auro
1628 3051 1666 3100 ac
1685 3051 1826 3118 purpura
1847 3037 1978 3115 amun,
2000 3037 2033 3102 el
2054 3033 2093 3101 an
2108 3038 2204 3118 caput
2216 3037 2380 3119 tropaeum

744 3172 819 3222 cnm
839 3158 941 3232 ueste,
962 3152 996 3218 in
1017 3169 1080 3236 qua
1100 3152 1204 3220 bnarot
1222 3154 1359 3220 occisus.
1398 3153 1486 3220 luter
1504 3151 1598 3219 ludos
1619 3155 1742 3218 cantata
1762 3155 1838 3218 sunt
1857 3153 2012 3234 quaedam
2032 3152 2073 3218 ad
2092 3153 2329 3219 miserationem
2348 3152 2381 3218 ct

744 3272 892 3340 inudism
904 3271 1010 3338 caedis
1025 3270 1104 3354 ejus.
1123 3270 1328 3338 Laudationis
1343 3269 1414 3344 loco
1422 3269 1541 3340 Consul
1547 3269 1705 3336 monins
1717 3284 1778 3353 per
1789 3286 1995 3352 praeconem,
2009 3268 2059 3334 vei
2066 3271 2211 3353 Appiano
2224 3273 2380 3350 nummio,

743 3389 901 3459 Automus
921 3389 991 3475 ipse
1011 3392 1140 3456 senaim
1161 3388 1342 3456 consultam
1361 3388 1588 3475 pronuntiavit,
1616 3405 1680 3470 quo
1702 3387 1809 3453 omnin
1829 3386 1860 3452 ei
1889 3385 1992 3453 divina
2012 3387 2106 3453 simul
2127 3391 2223 3470 atque
2243 3386 2378 3456 bumana

744 3505 943 3585 demoverat,
965 3506 1080 3590 quibus
1101 3523 1261 3592 perpauca
1281 3524 1301 3573 s
1321 3523 1358 3574 ae
1378 3506 1473 3573 serbo
1494 3505 1623 3571 addifflt
1680 3503 1807 3571 Talibus
1827 3503 1924 3571 rebus
1944 3503 2034 3589 plebs
2056 3507 2227 3585 concitata,
2248 3522 2379 3590 corpore

743 3621 889 3693 clenna
920 3628 1077 3705 cremato,
1112 3625 1217 3692 statim
1245 3624 1286 3691 acl
1313 3623 1444 3691 domum
1463 3623 1554 3693 Bmti
1582 3625 1616 3690 ct
1637 3619 1721 3690 Casii
1749 3639 1823 3687 oum
1844 3620 1964 3688 lacibus
1983 3623 2136 3703 muniit,
2164 3626 2259 3706 atque
2287 3641 2379 3708 aegre

742 3742 887 3828 repulsa,
922 3743 1050 3810 obuium
1069 3743 1129 3810 sibi
1150 3742 1298 3810 llelvium
1318 3741 1450 3811 Cinnam
1471 3759 1531 3826 per
1555 3758 1698 3808 errorem
1725 3741 1879 3819 nominis,
1915 3743 2004 3826 quasi
2026 3741 2193 3811 Cornelius
2215 3739 2331 3828 (timna)
2351 3743 2378 3810 is

734 3864 845 3939 -esset,
881 3877 978 3944 quem
1005 3861 1140 3945 munitm
1166 3861 1269 3947 pridie
1298 3861 1520 3929 concionatum
1541 3859 1581 3927 de
1603 3859 1739 3929 caesare
1767 3859 1962 3944 inquirebat,
1997 3861 2114 3927 occidit
2135 3865 2292 3944 caputque
2312 3862 2377 3945 ejus

744 3981 921 4066 praelixam
941 3980 1050 4048 besue
1072 3980 1273 4048 circumtulit
1315 3979 1448 4048 Sueten.
1469 3977 1559 4048 Gaas.
1579 3975 1631 4047 85.
1653 3996 1755 4064 comp.
1777 3977 1941 4049 ciceronis
1962 3977 2086 4060 epistol.
2108 3977 2148 4042 nd
2168 3980 2308 4046 Atticum
2326 3979 2376 4045 lib.

746 4102 804 4180 14,
833 4101 882 4168 10.
924 4099 993 4166 Tali
1014 4100 1110 4167 modo
1130 4119 1183 4167 res
1204 4100 1380 4167 amicorum
1399 4099 1520 4182 patriae
1537 4097 1603 4179 J'am
1622 4098 1778 4183 perierat,
1814 4096 1871 4164 scd
1897 4096 2025 4180 propria
2046 4095 2155 4179 culpa,
2189 4115 2263 4162 nam
2284 4097 2376 4176 nubi.

745 4219 896 4302 quidnam
920 4223 995 4303 post
1014 4217 1158 4286 enecans
1186 4218 1317 4286 caedem
1339 4223 1425 4286 essct
1444 4216 1640 4294 laciendum,
1667 4217 1806 4282 Antonio
1827 4214 1921 4281 nimis
1944 4212 2138 4279 confidentes
2159 4215 2284 4296 tempus
2305 4215 2377 4281 dcli·

740 4335 885 4403 berondo
906 4341 1161 4416 consumserant,
1189 4338 1276 4422 quod
1296 4335 1410 4405 Cicero
1436 4337 1469 4403 in
1491 4335 1632 4420 epistolis
1653 4336 1693 4403 ad
1713 4337 1853 4404 Atticum
1874 4335 1999 4418 scriptis
2019 4331 2225 4400 vehementer
2245 4353 2377 4418 conque·

743 4454 841 4531 titur,
861 4455 922 4520 vid.
943 4455 984 4522 nn
1003 4457 1098 4522 soie.
1121 4455 1175 4533 ll,
1199 4456 1254 4532 lo,
1277 4456 1333 4522 ll:
1357 4455 1433 4540 „lili
1454 4452 1662 4523 immortales!
1686 4453 1778 4535 Quae
1798 4459 1867 4522 tum
1888 4471 1985 4537 opera
2006 4451 2089 4519 ellici
2109 4457 2297 4537 potuerunt,
2317 4454 2375 4521 lne-

748 4573 908 4658 „tantibus
928 4575 1076 4640 omnibus
1096 4573 1205 4653 bonis,
1227 4574 1323 4639 etiam
1343 4579 1393 4641 sat
1412 4574 1520 4651 bonis,
1542 4572 1648 4639 bootis
1670 4571 1867 4638 latronibus?
1889 4567 1945 4636 lic.
1986 4568 2133 4638 Contenti
2155 4571 2253 4638 simus
2274 4572 2374 4638 Idibus

747 4689 906 4774 montiis,
927 4708 1011 4774 quae
1025 4691 1153 4774 quinem
1166 4692 1283 4758 nostris
1297 4685 1421 4770 amicis,
1443 4691 1554 4758 bunis
1567 4694 1656 4771 viris,
1678 4693 1797 4759 aditum
1812 4691 1851 4758 ad
1866 4691 1990 4758 coelum
2012 4691 2183 4771 dederunt,
2204 4691 2375 4759 libertatem

633 4801 658 4895 j
746 4805 887 4894 „populo
898 4806 1044 4876 Romano
1057 4825 1124 4879 uon
1138 4807 1321 4901 decoranti
1363 4808 1457 4878 Plebs
1471 4827 1537 4877 non
1552 4813 1699 4878 contento
1712 4811 1766 4889 iis,
1788 4809 1918 4894 quaein
1938 4809 2050 4884 lunare
2066 4807 2209 4883 Caesonis
2226 4810 2292 4892 jam
2310 4825 2375 4895 pcr-
2416 4879 2420 4886 ,
2462 4899 2469 4918 υ
