5317 6609
701 837 776 906 ariis
796 835 990 930 efficimur,
1024 837 1062 904 ot
1086 835 1218 904 saurim
1237 831 1415 914 existimet,
1447 829 1490 902 u.
1508 831 1644 903 Brutum
1665 829 1707 902 ob
1727 831 1867 906 etilotuur
1886 853 1982 908 suum
1999 835 2200 926 popootm
2220 835 2343 928 optimo

702 957 744 1024 tie
764 957 927 1041 republica
947 954 1083 1035 mereri,
1110 971 1212 1040 quum
1230 955 1360 1020 souaou
1381 951 1618 1033 tumueram,
1650 953 1826 1042 populique
1850 956 1985 1027 Romani
2011 956 2208 1040 libertatem,
2242 959 2344 1044 impe·

701 1076 850 1160 riuosque
876 1071 1042 1154 defendat,
1076 1074 1114 1140 ut
1139 1071 1238 1157 igitur
1262 1068 1457 1156 proriuoious
1477 1066 1611 1170 Goiiiaur
1638 1071 1732 1140 sicuti
1758 1075 1859 1144 ceteri
1884 1075 2060 1164 protiuoios
2080 1094 2154 1148 suos
2173 1076 2346 1164 retinui,

698 1190 1187 1278 uequeeuiquetrrdrut‚u1si
1207 1188 1263 1273 qui
1284 1205 1328 1258 ex
1347 1191 1477 1255 senatu
1498 1189 1643 1259 cousuito
1664 1195 1865 1264 successerit

824 1306 961 1378 Senatus
980 1327 1048 1378 uou
1065 1307 1173 1376 soiuur
1193 1304 1357 1375 cioerouis
1385 1305 1562 1376 oratiouetu
1588 1307 1749 1391 probarit,
1783 1309 1844 1379 seri
1870 1311 1967 1380 etiem
1993 1311 2028 1382 iu
2055 1309 2125 1398 ejus
2152 1311 2346 1390 ammutium

698 1428 879 1494 consultam
892 1427 986 1510 iecit,
1006 1447 1071 1514 quo
1084 1426 1170 1494 beto
1183 1423 1316 1505 Cicero,
1335 1428 1450 1493 seuutu
1470 1424 1618 1505 dimisso,
1638 1423 1674 1492 iu
1694 1426 1881 1498 eouooueur
1901 1429 2012 1516 popuii
2032 1429 2207 1516 produetus
2227 1431 2345 1500 eodour

697 1545 751 1612 «iio
778 1545 956 1615 orationem
975 1544 1184 1632 Pbiiippioaru
1210 1547 1355 1628 quartam
1374 1541 1502 1625 babuit,
1536 1543 1571 1612 iu
1598 1559 1679 1630 qua,
1714 1562 1797 1631 quae
1816 1552 1946 1616 mustus
1974 1549 2167 1630 queaverit,
2200 1549 2344 1634 exponit,

697 1666 870 1732 iuwuimu
897 1685 917 1733 a
943 1669 1058 1732 scurtu
1084 1663 1210 1732 bostem
1236 1662 1380 1734 uootiuur
1399 1664 1498 1733 verbo
1526 1661 1738 1747 appeliatum,
1771 1663 1831 1754 sed
1850 1683 1888 1734 ro
1912 1667 1979 1750 joru
2000 1667 2193 1735 uantum
2214 1666 2343 1747 iuiiort,

700 1781 929 1862 Octavianum,
956 1781 1045 1869 quoti
1067 1783 1245 1850 exercitum
1267 1785 1380 1854 ooutra
1398 1782 1574 1850 butouiuuu
1593 1783 1768 1868 paraverit,
1794 1784 1956 1854 hudutuur
1976 1803 2066 1866 osse,
2081 1785 2180 1855 sicuti
2200 1783 2344 1872 legiones

696 1899 842 1970 biartioru
863 1904 898 1968 et
916 1904 1071 1984 quortusq
1088 1900 1129 1968 li.
1141 1897 1234 1968 bruti
1253 1898 1394 1988 tiouique
1414 1900 1582 1969 consiiioru
1603 1905 1699 1987 atque
1720 1901 1878 1984 odiomm,
1898 1923 1964 1991 quo
1983 1903 2159 1973 butouuru
2178 1921 2198 1973 a
2217 1903 2345 1990 proriu-

697 2021 747 2087 cio
768 2016 869 2086 Gabia
889 2017 1078 2099 excluserit,
1097 2019 1320 2086 eouiirrurturu
1340 2036 1361 2085 a
1380 2022 1504 2088 renutu
1544 2019 1713 2088 Postroruo
1733 2018 1895 2102 Quirites,
1921 2022 2077 2112 populous
2095 2021 2279 2094 Romnum
2298 2021 2345 2092 ti·

698 2144 821 2206 otoreru
840 2139 985 2205 omuiuur
1003 2138 1164 2222 contiuuo,
1184 2135 1226 2204 ad
1245 2136 1476 2221 rempublicam
1496 2137 1728 2226 detrudendum
1747 2139 1945 2210 exhorutur.

822 2253 954 2338 Cicero,
975 2273 1013 2326 so
1032 2255 1089 2325 toli
1109 2255 1208 2324 ruodo
1229 2255 1336 2322 oruuia
1355 2273 1415 2342 pro
1437 2255 1540 2324 seiute
1560 2258 1755 2344 reipublicae
1777 2277 1873 2344 muru
1893 2261 2014 2346 optino
2034 2259 2226 2339 urotuoe,
2252 2261 2345 2344 puta·

697 2376 757 2449 tit;
776 2375 934 2443 buwuius
953 2375 1109 2443 libertatis
1130 2373 1305 2441 rcenimus
1325 2374 1473 2442 iuimicus
1492 2374 1573 2444 urbe
1595 2377 1683 2460 quusi
1706 2375 1767 2445 tuit
1779 2377 1930 2472 expulsus
1951 2384 2048 2466 utque
2062 2379 2164 2450 ostiu
2183 2377 2344 2458 exdusus.

698 2494 763 2562 duo
785 2499 896 2564 coutra
914 2513 991 2562 eum
1010 2495 1112 2582 parati
1139 2497 1233 2561 eruut
1259 2494 1437 2574 auritos,
1471 2494 1552 2562 attor
1577 2495 1612 2562 iu
1633 2492 1751 2575 Guiiio,
1786 2495 1838 2562 oui
1866 2503 2014 2581 praeerat
2033 2498 2073 2565 D.
2093 2497 2229 2576 Brutus,
2263 2493 2346 2564 riter

697 2615 821 2684 Octavii
842 2614 883 2680 ud
902 2613 1055 2694 bomem
1074 2613 1122 2682 ott
1142 2611 1215 2678 urbi
1235 2611 1395 2700 praesidio
1416 2618 1511 2681 esset.
1560 2610 1713 2692 Senatus,
1738 2612 1794 2680 ubi
1815 2611 1931 2683 Cioero
1951 2617 2042 2700 quusi
2062 2633 2197 2700 requrre
2216 2615 2344 2682 ridebo·

697 2737 768 2810 tur,
801 2732 1005 2817 populusque
1026 2731 1286 2810 sooseutbrbaut,
1318 2735 1418 2816 atquo
1438 2749 1641 2799 communem
1660 2729 1787 2798 bostem
1806 2732 1981 2800 butoquur
2002 2733 2250 2800 eouoortiissirue
2271 2751 2343 2818 per·

697 2853 922 2937 sequebantur.
977 2847 1066 2935 Quin
1085 2848 1206 2927 boilum
1227 2850 1319 2916 oiriie
1339 2855 1414 2918 suto
1440 2855 1548 2935 portas
1576 2854 1679 2930 esset,
1712 2861 1778 2916 uou
1799 2849 1932 2917 dubium
1952 2855 2037 2929 erut,
2072 2850 2106 2918 tt
2125 2868 2201 2918 roro
2221 2851 2342 2916 bouum

697 2966 901 3054 numque
921 2970 1043 3038 exitum
1062 2967 1246 3045 habiturum
1265 2985 1357 3048 esse,
1378 2965 1491 3040 Cicero
1512 2963 1668 3054 multique
1688 2967 1759 3052 eius
1778 2969 1873 3038 amici
1893 2969 2078 3054 sperubm,
2106 2969 2203 3038 motio
2222 2969 2342 3037 Brutus

697 3093 733 3158 iu
746 3088 847 3156 octbr
867 3087 992 3154 fortiter
1008 3091 1244 3164 sustentaretur
1262 3091 1373 3152 oouuu
1393 3086 1522 3152 Autouii
1544 3088 1662 3170 copias
1703 3085 1911 3168 Ootariuuus,
1931 3088 1966 3155 iu
1986 3105 2084 3173 quous
2104 3086 2233 3172 quidem
2253 3091 2343 3154 touta

697 3200 839 3293 potestus
857 3210 928 3273 erat
946 3204 1066 3286 sose.
1099 3211 1216 3293 quauta
1235 3205 1359 3274 liberto
1378 3205 1510 3273 deitatis
1530 3203 1676 3290 temporo
1697 3203 1835 3284 uouiui,
1863 3204 2090 3289 impedimento
2113 3221 2185 3272 esse
2205 3209 2342 3290 poterat,

696 3345 741 3398 ue
766 3329 924 3411 potestate
950 3343 1010 3398 sua
1037 3325 1240 3408 abuteretur,
1272 3324 1332 3394 red
1360 3325 1431 3409 eius
1457 3321 1628 3391 auotoritas
1655 3320 1796 3388 eoircito
1820 3322 1986 3388 ridebatur
2011 3325 2201 3391 cocuntur
2228 3321 2343 3408 mojori

699 3445 868 3515 wusuium
886 3443 982 3516 Hirtii
1002 3447 1037 3516 ot
1054 3441 1197 3524 Prusae,
1231 3444 1288 3532 qui
1314 3461 1427 3513 roreru
1453 3437 1648 3525 reipublicae
1668 3439 1829 3507 exeram
1849 3443 1958 3506 ooutrs
1974 3440 2153 3508 inbutum
2174 3440 2343 3508 duoebout.

698 3555 801 3634 siser
819 3579 873 3630 res
893 3561 1026 3644 eeeiatt.
1046 3562 1268 3648 reputabunt
1309 3560 1346 3631 c.
1364 3559 1395 3628 i.
1415 3559 1533 3628 creso
1553 3555 1761 3652 Octauianus,
1782 3551 1911 3642 (poster
1929 3555 2108 3644 arquos)
2129 3563 2258 3637 cuum,
2279 3559 2344 3628 dis·

699 3671 820 3750 eordiis
837 3678 980 3748 civilibus
1001 3678 1103 3759 iasa,
1127 3680 1261 3748 uomina
1285 3676 1498 3761 Principis
1524 3675 1584 3746 sub
1605 3676 1775 3762 imperium
1795 3677 1929 3762 recepit.
1975 3676 2099 3745 Itomae
2119 3681 2259 3746 exeunte
2278 3675 2344 3747 boo

698 3817 783 3866 anuo
804 3814 892 3866 orma
912 3797 1088 3890 copiaeque
1108 3797 1317 3881 parabantur,
1349 3795 1465 3882 partim
1491 3798 1530 3862 ut
1547 3793 1707 3884 preesioio
1728 3798 1837 3863 esseut
1856 3794 2058 3876 tenuibus,
2090 3797 2206 3880 porb'ru
2226 3795 2266 3862 od
2286 3813 2343 3882 pr·

698 3917 796 3985 triour
817 3913 1066 4000 remmom,
1101 3913 1311 3999 detentusque
1336 3914 1471 3980 miiitum
1500 3913 1680 3998 eo·1uq‘ori
1701 3931 1776 3982 curu
1796 3914 1901 3983 stutiio
1922 3914 2114 3994 babobrtur,
2148 3931 2266 3998 quum,
2298 3911 2342 3982 o.

696 4035 833 4104 Brutum
853 4036 964 4120 operto
982 4031 1085 4102 biarte
1098 4033 1237 4115 quomo
1257 4033 1412 4117 imparem
1431 4031 1587 4100 iiubuaru
1608 4032 1803 4100 concessisse
1823 4034 1933 4117 ibique
1953 4032 1994 4097 ab
2013 4031 2153 4100 saeuo
2173 4010 2342 4100 obsessum

699 4153 820 4230 teucri,
840 4152 1021 4231 nuntiatum
1042 4143 1137 4220 esset.
1179 4140 1343 4230 Oeturius,
1364 4150 1450 4217 bauti
1467 4151 1601 4234 iubente
1620 4154 1733 4218 sauata
1753 4151 1811 4217 sed
1824 4148 1981 4217 Cicerone
2002 4149 2172 4228 suadente,
2195 4162 2269 4216 oum
2285 4167 2341 4222 ex·

699 4269 802 4338 ercitu
821 4270 857 4340 iu
875 4265 1010 4339 Goiiiuu
1030 4267 1229 4349 discedebat,
1248 4273 1287 4337 ut
1305 4267 1350 4337 ibi
1371 4287 1467 4353 quum
1487 4270 1625 4336 maximo
1645 4268 1785 4336 butouio
1805 4269 1940 4334 uooeret
1958 4271 2054 4352 utque
2074 4267 2244 4337 adveutum
2265 4285 2341 4336 oou·

697 4383 806 4454 ouium
824 4389 1033 4476 exspectaret.
1075 4384 1265 4479 Qioeroueru
1283 4385 1348 4454 boo
1367 4391 1514 4472 tempore
1534 4387 1574 4454 tie
1596 4390 1711 4454 euentu
1739 4387 1773 4452 iu
1800 4384 1898 4452 dubio
1919 4383 2033 4462 tuisse,
2068 4403 2111 4452 eu
2138 4385 2272 4469 epistota
2297 4381 2341 4454 aa

572 4569 576 4574 .
698 4481 832 4572 Brutum
852 4505 970 4590 scripto
988 4503 1191 4600 iuteiiiqitur.
1223 4505 1259 4576 iu
1286 4523 1327 4571 ea
1353 4506 1439 4572 euim
1465 4505 1596 4584 suadet,
1628 4523 1673 4572 uo
1699 4504 1734 4570 iu
1759 4502 1861 4570 soluto
1881 4502 1991 4587 popuii
2012 4503 2146 4570 Romani
2166 4502 2285 4570 breuis
2306 4505 2341 4570 et

700 4620 912 4689 wuserraudr
932 4627 1062 4691 seuottu
1081 4623 1223 4696 ooutiuur
1242 4623 1336 4690 tiberi
1357 4625 1577 4690 auctoritatem
1598 4625 1772 4705 exspectet
1827 4619 1980 4688 Voiuutas
2001 4624 2129 4686 sonuttu
2150 4637 2209 4704 pro
2230 4623 2347 4686 aucto·¹

698 4743 790 4808 ritate
811 4739 921 4806 baberi
941 4741 1054 4826 bebo,
1090 4761 1188 4828 quum
1209 4745 1380 4810 auctoritas
1401 4743 1574 4826 impeditur
1593 4744 1698 4816 roetu,
1719 4739 1838 4804 scribit
1895 4735 2087 4820 „Postremo
2115 4740 2261 4822 suscepto
2281 4733 2339 4804 tibi

701 4859 894 4942 „comatum
909 4858 958 4927 bio
970 4864 1038 4942 est,
1057 4865 1095 4928 ut
1114 4879 1180 4928 uou
1199 4861 1242 4930 sit
1260 4861 1439 4948 integrum:
1456 4860 1594 4948 primum
1613 4857 1722 4926 idibus
1741 4855 1882 4933 iitribst
1903 4855 2019 4924 oeuoe
2032 4855 2195 4942 proxime,
2215 4856 2339 4922 exerci-
