5317 6609
1023 609 1231 746 ..22

319 855 380 940 ,tn
397 867 482 924 novo
502 855 536 922 at
555 851 656 940 copiis
669 847 868 939 comparatis.
908 844 1014 932 onan
1027 846 1152 918 obrem
1165 847 1207 916 ad
1220 848 1326 920 omnia
1338 847 1383 922 ita
1395 855 1532 937 punias,
1553 865 1612 918 sen
1633 842 1785 914 animatio
1806 855 1878 910 esse
1898 834 1954 906 de·

317 972 418 1058 ,bes,
438 991 505 1041 non
523 976 561 1040 ut
579 971 658 1040 nihil
678 971 790 1050 iacias,
809 970 872 1038 nisi
888 968 1013 1051 iussus:
1032 964 1091 1032 sed
1103 970 1142 1034 ut
1153 986 1192 1036 ea
1205 987 1313 1056 geras,
1333 989 1416 1058 quae
1436 969 1476 1038 ab
1497 967 1642 1036 omnibus
1663 978 1877 1040 amaracum
1899 957 1951 1026 ad·

317 1093 514 1181 ,modone
531 1091 710 1162 laodonbrr.
732 1089 780 1174 ad
793 1086 963 1186 tamibkiib.
985 1084 1043 1168 11,
1063 1081 1113 1154 i!

992 1329 1285 1380 ‘'COb—-

353 1878 358 1884 ,
437 1783 569 1866 cismo,
590 1802 690 1870 quum
708 1789 784 1874 post
797 1781 941 1855 monna
961 1781 1093 1854 caedem
1113 1783 1205 1855 initio
1219 1784 1334 1872 apriis
1348 1783 1483 1852 llomam
1503 1785 1693 1873 reliquisset,
1714 1790 1751 1854 ut
1769 1784 1857 1852 villas
1877 1801 1950 1852 suas

305 1905 477 1986 lustraret,
511 1923 553 1973 eo
578 1910 727 1989 tempore
752 1903 832 1974 nibil
859 1903 946 1972 aliud
964 1905 1115 1985 malebat,
1144 1923 1240 1989 quam
1259 1904 1416 1972 rusticari.
1439 1905 1529 1989 epist
1552 1906 1592 1972 ad
1619 1905 1714 1972 iavnil
1742 1903 1795 1972 lib.
1818 1904 1875 1985 ld,
1898 1901 1951 1970 aa.

307 2024 450 2108 ,liceat
467 2020 760 2092 nodomarium·
802 2023 1212 2110 Philosophiaepraesidiis
1233 2027 1343 2108 septus
1364 2026 1472 2102 strat
1485 2023 1552 2108 ipse
1572 2023 1662 2102 dicit,
1683 2029 1847 2094 senectute
1867 2040 1951 2089 ama·

304 2145 380 2210 rior
405 2142 511 2210 laeuas
534 2148 569 2212 et
595 2144 703 2212 omnin
730 2143 931 2212 stomachans
958 2144 1070 2228 procul
1098 2143 1138 2210 nb
1165 2141 1245 2209 urbe
1273 2141 1369 2210 vitam
1397 2159 1490 2226 agere
1505 2142 1731 2240 constituebat
1766 2141 1802 2208 ld
1823 2139 1952 2225 quidem

305 2262 343 2328 in
364 2261 420 2330 tali
440 2262 595 2347 temporis
614 2262 854 2347 perturbatione
881 2281 949 2330 non
973 2260 1078 2341 Haurit,
1100 2264 1134 2328 in
1153 2279 1229 2328 eum
1250 2262 1336 2330 enim
1357 2279 1467 2329 omncs
1483 2261 1592 2328 oculos
1612 2259 1852 2338 convertebant,
1874 2258 1952 2327 cno-

305 2379 391 2446 saris
411 2379 632 2446 interfectores
652 2383 686 2448 et
705 2379 805 2446 cebri
825 2378 978 2446 libertatis
999 2381 1110 2458 amici,
1130 2379 1287 2446 Antonius
1310 2380 1442 2476 ejusque
1464 2380 1602 2446 asseclae
1624 2383 1657 2445 et
1678 2379 1746 2462 ipse
1761 2377 1951 2446 Octavianus
1991 2389 1993 2397 ’

304 2495 517 2576 Ciceronem,
538 2497 594 2580 qui
613 2500 684 2565 rum
703 2497 738 2563 in
757 2496 920 2580 republica
941 2497 1084 2562 omnium
1097 2497 1225 2580 primus
1246 2501 1328 2576 crat,
1356 2471 1476 2564 in'suns
1490 2502 1595 2580 partes
1609 2497 1735 2562 trahere
1750 2496 1950 2575 studuerunt,

306 2597 426 2686 cicaro
446 2615 556 2698 igitar,
589 2618 644 2694 ut,
672 2615 742 2698 cius
762 2614 802 2681 ad
822 2615 980 2693 Atticam,
1014 2613 1055 2680 ad
1075 2612 1236 2694 Cassium,
1270 2614 1405 2681 Brutum
1433 2614 1575 2698 aliosque
1602 2614 1685 2680 viros
1713 2601 1854 2697 scriptae
1879 2613 1947 2696 epi·

306 2733 412 2799 stolae
432 2730 619 2811 ostendunt,
639 2734 744 2800 1ο1οοι
762 2730 957 2815 reipublicae
977 2735 1095 2798 statum
1115 2737 1188 2800 ante
1209 2731 1320 2804 oculos
1341 2733 1466 2814 habuit,
1502 2737 1597 2818 atque
1624 2735 1796 2818 praecipue
1826 2733 1857 2797 id
1880 2731 1947 2798 eili-
1994 2723 2003 2738 ”

308 2869 387 2918 care
413 2855 548 2922 comma
575 2855 641 2930 est,
675 2855 721 2929 ut,
743 2847 879 2940 Cnesm
899 2850 1054 2918 dictatore
1082 2855 1118 2919 et
1135 2855 1268 2936 tyranno
1296 2851 1421 2930 occiso,
1455 2869 1518 2937 pax
1546 2853 1580 2916 et
1607 2851 1775 2918 concordia
1803 2854 1888 2915 essct
1915 2853 1950 2915 et

308 2969 454 3047 libertas,
475 2968 581 3053 quoad
602 2968 672 3035 llcri
691 2973 811 3058 posset,
831 2969 1063 3047 restitueretur,
1079 2987 1179 3053 quam
1199 2969 1331 3035 obrem
1352 2967 1452 3052 ipsius
1471 2968 1600 3034 ltntonii
1621 2967 1789 3034 amicitiam
1809 2967 1948 3032 retinere

308 3085 412 3152 voluit
431 3089 466 3152 et
484 3085 604 3164 serim,
624 3103 725 3169 quum
744 3085 834 3154 illum
855 3085 1078 3156 dominationis
1099 3087 1337 3171 cupidissimum
1359 3103 1431 3154 esse
1444 3087 1579 3164 videret,
1601 3085 1733 3152 Octavio
1748 3103 1784 3151 se
1798 3085 1948 3168 adjunxit

309 3204 402 3271 Licet
413 3201 464 3268 his
482 3203 619 3287 publicis
638 3203 735 3270 rebus
757 3205 974 3288 maximopere
995 3209 1167 3289 occupatus
1188 3209 1276 3271 esset
1295 3204 1380 3274 etad
1396 3206 1518 3282 omnin,
1540 3223 1622 3288 guae
1637 3209 1815 3288 agerentur,
1837 3203 1948 3268 oculm

311 3326 527 3401 converteret,
559 3321 649 3390 nullo
676 3323 773 3390 modo
799 3321 1020 3408 philosophiae
1046 3324 1151 3390 smdia
1178 3322 1287 3391 omisit
1310 3325 1409 3407 atqua
1436 3321 1503 3390 otio
1531 3321 1766 3407 quamoptime
1791 3322 1948 3386 ususcst

310 3438 581 3507 flaccrusticatio
601 3439 810 3525 igiturnobis
830 3440 920 3508 dedit
950 3445 1039 3509 tras
1072 3441 1206 3510 libros
1239 3417 1289 3509 de
1321 3443 1469 3511 natura
1497 3439 1665 3508 deorum
1693 3442 1733 3506 ct
1764 3437 1867 3504 duos
1900 3437 1949 3504 de

311 3554 590 3636 divinatione,
623 3561 792 3642 praetcrea
818 3556 1028 3642 dialogum
1056 3559 1105 3626 do
1133 3563 1363 3628 senectute.
1419 3559 1484 3642 Qui
1504 3559 1600 3637 liber,
1635 3564 1672 3626 ut
1691 3560 1760 3644 ipse
1780 3555 1894 3625 Cicero
1914 3557 1948 3624 in

310 3673 420 3743 limine
439 3673 571 3742 secundi
591 3675 664 3741 libri
684 3656 730 3742 de¹
745 3675 939 3743 divinatione
958 3679 1107 3756 testam,
1131 3674 1214 3746 'ante
1234 3679 1331 3744 libros
1353 3679 1393 3746 de
1414 3679 1605 3745 donatione
1626 3682 1674 3744 est
1694 3679 1845 3762 scriptus,
1872 3693 1947 3743 nam

309 3794 352 3861 ibi
377 3793 476 3878 buius
502 3792 618 3877 dialogi
645 3793 840 3860 mentionem
865 3793 948 3860 iacit
1002 3795 1086 3862 Eum
1114 3801 1188 3864 ante
1213 3796 1290 3863 idus
1314 3797 1391 3882 blnji
1419 3799 1481 3886 ild
1508 3799 1659 3880 scriptum
1685 3798 1798 3877 livisse,
1829 3815 1947 3882 cogno·

308 3913 409 3980 scitur
427 3929 471 4014 cn
490 3910 624 3994 epistola
643 3910 685 3976 ad
702 3911 855 3977 Atticum.
874 3911 928 3976 lib.
951 3912 1008 3990 14,
1033 3911 1086 3978 21.
1136 3914 1330 3999 ,legendus
1357 3915 1435 3980 mibi
1464 3919 1513 3982 cst
1540 3917 1667 4000 saepius
1687 3915 1766 3984 ento
1785 3915 1888 3998 major
1905 3913 1946 3979 ad

311 4034 368 4113 ,te
390 4026 535 4096 missus!
589 4027 714 4096 Eodem
735 4033 883 4113 tempore
903 4029 1017 4097 Cicero
1036 4031 1163 4115 scripsit
1182 4033 1342 4116 dialogum
1368 4033 1551 4099 Laelium
1582 4035 1649 4099 sive
1668 4034 1709 4100 de
1730 4032 1943 4104 amicitia,
2032 4037 2033 4040 ’

310 4149 404 4216 siniti
424 4165 537 4215 mense
557 4146 662 4230 biolo,
697 4166 797 4231 οοοιο
825 4166 899 4214 cum
920 4150 1051 4215 consule
1072 4150 1235 4233 designato
1253 4153 1293 4218 A,
1312 4151 1417 4218 Hirtio
1438 4151 1471 4216 in
1491 4151 1669 4217 Puteolano
1696 4155 1796 4230 esset,
1830 4150 1946 4216 librum

308 4265 355 4334 de
381 4267 486 4345 icto,
516 4283 590 4332 nanu
611 4265 681 4349 ipse
701 4265 792 4331 initio
812 4265 908 4349 bujus
929 4267 1001 4332 libri
1020 4270 1170 4346 testatur,
1204 4285 1387 4334 sermonem
1413 4267 1454 4332 de
1475 4267 1540 4334 into
1561 4268 1701 4333 habitum
1713 4269 1821 4334 viuvisse
1841 4269 1874 4332 in
1896 4265 1947 4333 illa

308 4382 391 4450 villa.
445 4383 591 4450 libros
619 4383 667 4448 de
694 4380 862 4467 legibus
888 4388 975 4450 tres
1001 4385 1100 4467 paulo
1119 4389 1351 4451 antevmortem
1371 4383 1431 4450 sub
1459 4389 1664 4450 auctumnmn
1691 4385 1770 4463 110,
1795 4385 1948 4451 absolutis

309 4502 396 4569 libris
417 4501 459 4568 de
478 4502 669 4568 divinatione
690 4502 785 4567 etde
806 4501 890 4580 tuto,
909 4503 1044 4586 scriptos
1065 4503 1181 4581 inisse,
1201 4502 1286 4569 docti
1307 4477 1516 4586 suspicantur.
1573 4501 1647 4581 Quo
1668 4507 1813 4585 tempore
1833 4502 1947 4570 Cicero

308 4625 432 4705 partem
451 4619 719 4704 interpretationis
746 4618 918 4697 Timaei,
953 4620 1069 4704 dialogi
1088 4621 1261 4699 Platonici,
1295 4621 1345 4686 de
1372 4621 1652 4686 universitate
1680 4621 1831 4697 ediderit,
1858 4625 1945 4686 certe

309 4738 439 4822 pridem
466 4737 540 4802 seiri
565 4743 630 4803 nun
650 4740 773 4818 potest,
807 4736 865 4802 sed
892 4735 947 4802 bic
972 4737 1054 4803 liber
1080 4736 1277 4821 temporibus
1301 4736 1393 4804 bisce
1420 4755 1592 4804 conversus
1612 4738 1746 4803 videtur.
1799 4737 1946 4803 Libros

309 4874 474 4944 quoque
501 4855 551 4926 de
577 4855 740 4926 ciliciis
760 4856 800 4923 ad
820 4855 964 4924 bimonnr
983 4856 1103 4944 dlium,
1128 4857 1184 4946 qvvi
1203 4860 1273 4927 batn
1291 4854 1427 4928 Athenis
1446 4855 1479 4926 in
1500 4854 1663 4942 disciplina
1683 4854 1822 4942 cndppv
1842 4873 1944 4924 ressa·
