5317 6609
1112 647 1184 736 1³

157 865 161 883 ’
294 883 396 958 chus
418 895 538 971 narrat,
558 890 684 960 chalam
702 891 799 972 venit,
818 893 865 971 ut,
886 887 964 959 dum
983 888 1024 958 ud
1042 894 1151 975 portas
1171 889 1401 973 ingredientem
1422 890 1594 977 excipiunt,
1615 889 1846 978 adventumque
1865 899 1969 979 gratu

294 1004 438 1091 lentur,
458 1011 526 1077 dies
539 1007 608 1078 iere
620 1016 806 1078 consumtus
819 1011 925 1078 luerit
958 1009 1109 1094 Ceterum
1129 1005 1284 1075 hocloco
1305 1009 1479 1076 notandum
1499 1011 1633 1090 videtur,
1651 1010 1839 1080 Ciceronem
1858 1013 1969 1080 Veliae

296 1127 437 1196 ultimo
465 1147 538 1197 cum
557 1131 658 1198 bruto
686 1130 844 1215 colloquia
872 1129 991 1214 egisse,
1018 1145 1093 1194 nam
1117 1127 1214 1210 poulo
1242 1132 1315 1211 post
1342 1127 1460 1194 Brutus
1495 1133 1530 1196 et
1550 1127 1675 1198 Cassius
1703 1147 1767 1198 una
1801 1149 1874 1196 cum
1902 1133 1967 1198 suia

154 1278 155 1299 ι
295 1247 456 1314 navibus
483 1266 525 1314 ex
548 1249 638 1314 ltalia
658 1248 881 1326 decesserunt,
914 1250 953 1313 ιιι
975 1245 1154 1330 provincias
1181 1264 1200 1310 a
1222 1245 1358 1314 Caesare
1387 1247 1425 1312 iis
1443 1247 1509 1330 jam
1531 1249 1717 1328 destinatas,
1749 1250 1968 1320 Macedoniam

299 1367 345 1430 et
366 1363 520 1449 Syriam,
539 1365 753 1448 aucuperent,
785 1365 820 1432 in
839 1363 1061 1432 Macedoniam
1078 1363 1199 1432 Βιιιιιιι
1225 1367 1259 1429 et
1285 1363 1318 1428 in
1341 1361 1463 1448 Syriam
1485 1365 1610 1434 Cassius
1633 1386 1667 1433 se
1697 1366 1838 1434 contulit
1890 1365 1970 1436 Post

296 1482 659 1552 reversionemCicero
679 1481 722 1548 de
740 1483 791 1549 rh
810 1481 974 1566 lmgnena,
995 1493 1160 1565 quumque
1181 1483 1241 1548 sihi
1263 1482 1464 1566 displiceret,
1485 1485 1519 1551 in
1540 1491 1696 1563 senatum,
1718 1487 1772 1570 qui
1795 1487 1827 1552 in
1848 1487 1969 1572 templo

300 1595 521 1666 Concordiae
538 1598 671 1683 jubente
683 1599 823 1668 domnio
843 1599 885 1668 dc
905 1599 1187 1686 supplicationibus
1202 1598 1328 1667 Caesari
1351 1601 1559 1671 decernendis
1581 1603 1765 1682 habebatur,
1785 1623 1851 1670 non
1871 1606 1968 1682 venit,

300 1716 412 1784 misit
430 1721 538 1784 auteur
557 1734 618 1801 pro
637 1717 784 1797 amicitia,
805 1716 861 1803 qul
881 1715 946 1782 hoc
966 1717 998 1784 el
1019 1716 1157 1792 dicere:
1176 1716 1365 1784 Plutarchus
1387 1720 1440 1797 ait,
1463 1712 1650 1788 Ciceronem
1665 1721 1825 1804 languoris
1839 1739 1968 1790 causam

302 1835 521 1920 opposuisse,
541 1846 640 1918 quum
660 1851 697 1900 re
717 1833 848 1900 insidias
867 1837 1012 1901 metuere
1041 1852 1083 1901 ex
1102 1835 1239 1918 modam
1252 1837 1442 1931 suspicione
1464 1843 1497 1904 et
1517 1839 1653 1918 indicio,
1674 1839 1760 1923 quod
1782 1839 1865 1907 inter
1883 1840 1967 1907 riam

186 1956 189 1962 '
302 1951 343 2017 ei
367 1950 491 2018 locum
512 1955 598 2031 erat,
632 1952 802 2020 namur.
849 1951 1008 2019 Διιιοιιίιιι
1027 1950 1304 2021 vehementissime
1325 1954 1359 2021 in
1381 1953 1586 2036 Ciceronem,
1629 1973 1725 2040 quem
1754 1957 1786 2024 in
1815 1955 1967 2024 Serranam

301 2076 503 2149 vomuerat,
530 2071 647 2149 iratus,
671 2068 874 2136 audientibus
894 2069 1111 2150 senatoribus,
1136 2069 1242 2137 luhros
1263 2089 1299 2136 se
1319 2071 1491 2138 missurrmr
1513 2078 1547 2140 et
1566 2072 1696 2139 domurn
1717 2075 1967 2146 distrahatumm

302 2185 416 2268 dixit,
436 2188 518 2256 Phil.
548 2188 577 2269 l,
596 2186 629 2252 5.
664 2189 726 2270 ,ht
751 2186 822 2265 ille,
848 2187 939 2254 vohis
965 2188 1184 2270 audientibus,
1218 2208 1293 2258 cum
1318 2192 1415 2260 labris
1450 2211 1485 2259 se
1521 2193 1651 2260 domum
1672 2212 1777 2261 meam
1797 2200 1966 2262 venturum

307 2326 415 2392 ,esso
435 2303 543 2373 dixit¹¹
607 2303 795 2371 Plutarchus
822 2305 888 2371 imo
915 2311 1038 2385 armat,
1071 2299 1247 2376 Ᾱιιιιιιιίιιιιι
1275 2311 1392 2378 malles
1419 2311 1560 2390 misisse,
1596 2329 1678 2394 qnos
1700 2313 1749 2380 rel
1779 2312 1967 2380 Ciceronem

304 2426 480 2495 adducere
500 2423 551 2492 rel
572 2417 703 2491 domum
725 2423 794 2506 eins
814 2423 987 2492 incendere
1004 2425 1144 2508 jusserit,
1166 2427 1224 2495 sed
1245 2447 1344 2512 quum
1365 2426 1456 2495 multi
1479 2430 1733 2495 intercessissent
1752 2433 1786 2496 et
1806 2430 1966 2518 deprecah‘

307 2548 447 2620 arent,
465 2542 633 2627 amovisse.
694 2540 853 2610 Postridie
880 2541 977 2626 igion
1002 2542 1075 2610 te.
1095 2544 1148 2612 IV.
1174 2565 1276 2615 nonas
1297 2547 1457 2633 septam.
1480 2546 1593 2616 Cicero
1620 2549 1751 2618 ahsente
1771 2551 1911 2616 Antonio
1933 2552 1966 2618 in

307 2649 466 2730 senatun
479 2663 580 2741 venit,
600 2662 709 2746 ibique
730 2662 953 2730 umanum
971 2663 1107 2748 primam
1126 2665 1240 2740 hahuit
1258 2653 1436 2736 orationem
1448 2667 1667 2752 Philippicam,
1689 2668 1723 2733 in
1744 2685 1807 2752 qua
1827 2669 1965 2752 primum

308 2801 431 2850 cousus
450 2780 656 2866 protectionis
677 2781 712 2848 in
732 2777 899 2847 Graeciam
918 2785 954 2848 et
971 2781 1136 2850 reditionis
1158 2787 1303 2870 exponit,
1330 2785 1446 2852 deinde
1468 2786 1508 2852 de
1529 2785 1658 2852 Antonii
1680 2785 1793 2868 injuria
1814 2783 1965 2853 hesterno

310 2901 372 2969 die
392 2899 453 2965 sihi
473 2899 559 2965 illata
579 2898 733 2982 disputat,
774 2917 840 2982 quo
860 2898 944 2965 iacto
965 2898 1077 2966 adres
1097 2904 1239 2984 publicus
1259 2904 1387 2985 transit,
1431 2909 1464 2970 et
1484 2905 1524 2970 de
1546 2905 1623 2971 actis
1647 2903 1789 2972 Caesaris
1811 2903 1962 2988 loquitur,

308 3037 402 3106 qnae
424 3018 554 3104 quidem
574 3016 726 3084 mando
746 3033 819 3083 esse
839 3022 959 3096 censet,
980 3018 1183 3106 declaratque
1203 3020 1391 3087 concordiae
1421 3025 1516 3106 atque
1542 3023 1630 3107 pacis
1658 3023 1752 3090 causa
1773 3041 1838 3089 non
1859 3022 1964 3088 solum

309 3155 431 3206 omnes
450 3137 549 3220 leges,
570 3154 650 3219 quos
657 3133 773 3203 Caesar
792 3137 879 3202 urus
898 3137 1153 3222 promulgaverit,
1175 3157 1246 3205 ease
1266 3139 1433 3204 servandus
1455 3139 1512 3205 sed
1525 3141 1620 3206 etium
1635 3158 1699 3220 eas,
1721 3142 1963 3224 maahntonius

309 3261 448 3325 mortuo
467 3253 604 3323 Caesam
624 3257 659 3322 et
678 3254 913 3321 commentariis
933 3259 968 3322 et
987 3255 1202 3340 chirographis
1222 3257 1407 3340 protulerit,
1429 3258 1636 3322 metuendum
1656 3275 1734 3324 vero
1754 3269 1843 3337 esse,
1865 3277 1964 3342 quum

310 3375 476 3444 Διιιοιιίιιι
496 3391 539 3440 ex
557 3372 620 3440 illis
641 3373 876 3442 commentariis
911 3374 1022 3441 exules
1041 3374 1244 3453 revocaverit,
1287 3347 1446 3442 civitatem
1465 3394 1531 3441 non
1552 3375 1682 3460 singulis
1704 3376 1761 3444 sed
1782 3375 1963 3444 renonibus

314 3498 354 3562 et
371 3493 541 3578 provinciis
561 3491 695 3572 dederit,
716 3493 1031 3577 immunitatibusque
1057 3493 1188 3560 infinitis
1207 3495 1372 3578 uectigalia
1393 3494 1572 3572 sustulerit,
1600 3513 1642 3560 ne
1663 3495 1717 3561 ille
1738 3494 1887 3578 auspiciis
1908 3511 1964 3562 ne·

311 3613 431 3698 pecua
450 3611 482 3677 ri
502 3613 537 3678 et
556 3611 662 3690 umis,
685 3629 895 3696 pascuaque
916 3611 1022 3690 vellet,
1042 3631 1102 3696 pro
1122 3613 1247 3698 legibus
1267 3613 1463 3682 obtunderet.
1503 3615 1585 3682 Tum
1607 3615 1810 3693 oxhutonio,
1838 3631 1880 3680 ne
1902 3611 1963 3680 sihi

197 3713 200 3716 ⁹
314 3731 361 3798 oh
388 3729 585 3806 libertatem,
626 3746 690 3813 qua
710 3729 751 3795 de
770 3727 966 3812 reipublicae
986 3730 1088 3798 selme
1109 3731 1235 3798 locutam
1256 3735 1313 3812 sit,
1357 3735 1527 3812 nascatur,
1567 3735 1649 3817 petit
1669 3731 1762 3801 etad
1783 3737 1962 3802 extremum

310 3852 491 3932 utrumque
511 3845 676 3914 consulem
695 3851 897 3930 praesentem
916 3847 1113 3914 Mobollam
1134 3854 1169 3915 et
1187 3853 1362 3919 Antonium
1391 3853 1554 3919 absentem
1583 3851 1782 3930 cohortatur,
1815 3856 1853 3918 ιιι
1878 3869 1962 3918 rem·

311 3966 479 4053 publicam
496 3965 581 4032 hene
594 3963 804 4031 atmoderate
825 3965 1054 4043 administrent,
1075 3970 1110 4032 et
1128 3968 1216 4051 quod
1236 3969 1279 4037 sit
1296 3987 1407 4036 rerum
1429 3959 1491 4036 iter
1511 3968 1550 4036 od
1572 3970 1715 4053 gloriam,
1729 3969 1879 4053 cogitent,
1899 3968 1962 4035 vid.

311 4085 398 4153 Phil.
425 4084 462 4164 l,
484 4084 534 4151 ll.
587 4078 720 4162 Cicero,
760 4101 860 4166 quum
880 4084 984 4150 semus
1004 4085 1045 4151 de
1065 4084 1126 4151 hac
1146 4087 1289 4152 oratione
1307 4087 1482 4169 iudicaret,
1504 4087 1598 4165 dixit,
1633 4103 1669 4154 so
1690 4087 1723 4152 in
1744 4103 1867 4152 mmma
1886 4083 1961 4151 reli·

312 4221 455 4290 quornm
468 4201 620 4269 aemimte
633 4201 771 4269 liberum
790 4220 891 4268 onum
911 4202 1020 4281 inisse
1041 4221 1078 4270 se
1099 4203 1139 4269 de
1153 4204 1316 4290 republica
1329 4206 1460 4291 qrddem
1473 4206 1616 4272 locutum
1630 4223 1713 4284 esse,
1733 4207 1837 4272 minus
1852 4209 1971 4271 autem·

311 4322 419 4392 iibere
445 4339 541 4405 mam
565 4338 624 4387 sua
645 4320 893 4399 consuetudine,
927 4321 1060 4388 liberius
1084 4325 1209 4403 nmen,
1248 4341 1345 4408 ᾳιιαιιι
1379 4321 1521 4408 pericula
1555 4325 1725 4406 muneque
1752 4322 1960 4407 postularent

310 4438 432 4522 Philip.
451 4437 483 4517 5,
504 4438 534 4504 l.
561 4437 601 4504 ad
628 4437 723 4503 iamil.
746 4437 797 4516 la,
815 4437 868 4504 25.
908 4439 1076 4519 humulus,
1098 4442 1188 4524 cujus
1208 4441 1414 4508 inveteratam
1435 4442 1606 4508 amicitiam
1628 4439 1751 4520 Cicero,
1771 4444 1809 4507 ιιι
1827 4441 1897 4526 ipse
1919 4440 1959 4508 ud
2013 4438 2017 4458 '

311 4557 468 4626 Tironem
488 4554 615 4633 scribit,
648 4555 718 4622 sine
738 4555 803 4622 ulla
824 4554 1001 4623 oll'ensioue
1023 4575 1211 4626 conservare
1230 4560 1377 4627 voluerat
1397 4557 1602 4643 (odlamiliu.
1631 4558 1688 4638 ro,
1714 4556 1783 4644 id.)
1814 4559 1857 4624 oh
1877 4558 1960 4624 hanc

313 4676 494 4744 omuomm
513 4671 790 4740 vehementissime
809 4673 909 4741 iratm
928 4674 990 4740 luit
1009 4680 1043 4741 et
1061 4675 1159 4742 homo
1179 4675 1353 4744 vehemens
1373 4681 1408 4744 ct
1426 4678 1582 4746 violentus
1609 4676 1788 4743 inimicitius
1811 4675 1959 4744 Ciceroni

312 4791 511 4861 denuntiarit
530 4807 670 4873 mmouo
690 4789 803 4857 adeam
821 4791 857 4858 ln
876 4797 991 4860 senam
1006 4793 1102 4876 iussit
1122 4813 1151 4860 a.
1171 4794 1203 4862 d
1221 4795 1437 4865 moclena.
1449 4795 1564 4866 Octob.
1597 4796 1669 4880 lpse
1684 4797 1805 4865 interea
1819 4799 1959 4877 septem·

313 4911 421 4982 decim
438 4911 509 4980 dies
535 4907 578 4979 de
597 4907 753 4988 Cicerone
778 4909 815 4984 in
833 4911 998 4986 theano
1017 4910 1176 5004 Scironia
1201 4915 1430 5003 ιοιιιιιιίιιιιι.
1464 4916 1550 4991 sitim
1571 4933 1729 5007 amemus
1755 4918 1790 4984 et
1812 4913 1869 4986 illo
1896 4914 1960 4996 dia,
