5317 6609
1122 595 1192 682 15

1061 705 1270 726 *—

312 829 511 903 Romnum
530 835 668 904 liberum
686 835 865 922 relinquam
921 833 986 904 hoe
1004 833 1084 902 mihi
1104 836 1208 919 majus
1227 853 1247 902 u
1267 834 1328 902 diis
1349 833 1579 902 immortalibus
1600 833 1668 902 duri
1688 831 1766 902 nihil
1786 811 1912 920 poterii
1931 830 1973 898 al·

312 954 447 1034 terum,
466 959 504 1020 ut
523 956 566 1021 ita
587 955 704 1039 cuique
724 956 866 1035 eveniat,
885 957 923 1021 ut
942 955 983 1021 de
1003 971 1040 1020 rs
1059 953 1186 1036 publica
1207 953 1342 1037 quisque
1356 951 1544 1020 mereatur*

456 1072 664 1150 Octavianus,
685 1073 870 1140 aduersante
891 1073 1055 1140 comulas
1076 1072 1142 1137 suis
1162 1071 1208 1136 ll.
1227 1072 1378 1148 Autome,
1401 1089 1496 1154 quern
1511 1072 1560 1136 vel
1574 1071 1782 1155 praecipuum
1796 1066 1972 1150 adjutorem

311 1195 522 1272 spenaerat,
541 1209 642 1274 quum
662 1190 887 1268 intellexisset,
915 1207 952 1255 se
973 1193 1083 1254 contra
1104 1188 1191 1256 hunc
1209 1192 1342 1255 mminis
1363 1191 1537 1257 honoribus
1560 1197 1708 1256 ornatum
1730 1193 1763 1256 et
1783 1207 1801 1254 n
1822 1188 1973 1252 militibus

313 1305 471 1376 cinctum
490 1307 654 1376 hominem
674 1308 752 1374 nihil
774 1309 904 1374 efficere
924 1324 1037 1392 posse,
1065 1307 1105 1373 ad
1124 1307 1235 1372 dolurn
1256 1313 1291 1374 et
1311 1309 1439 1374 insidias
1462 1309 1603 1392 confugit
1623 1309 1857 1391 adversariique
1876 1305 1973 1371 inter·

310 1422 457 1492 liciendi
478 1427 645 1492 consilium
665 1426 760 1511 cepit,
781 1424 822 1492 ud
841 1425 929 1509 quod
949 1425 1083 1492 numus
1102 1426 1351 1510 perpetrandum
1370 1443 1576 1511 percussores
1599 1428 1628 1492 ci
1650 1425 1841 1502 subornavit,
1862 1425 1918 1508 qui
1939 1423 1972 1490 in

309 1539 426 1610 dumo
437 1545 568 1610 Antonii
581 1542 942 1628 comprehendebantur.
975 1543 1126 1612 Nonnulli
1145 1545 1275 1627 quidem
1295 1550 1396 1612 totum
1422 1564 1492 1612 reru
1507 1546 1545 1611 ab
1559 1547 1698 1612 Antonio
1721 1563 1791 1612 esse
1814 1545 1972 1609 inventurn

310 1661 585 1750 suspicabuntur,
605 1661 719 1730 orceo
732 1666 858 1741 suum,
878 1658 1053 1729 Suetonius
1067 1657 1208 1745 (hugtmt
1222 1661 1280 1748 10.)
1296 1663 1420 1730 Seneca
1438 1663 1671 1747 theolocensi,
1689 1665 1717 1742 1,
1738 1662 1773 1748 9)
1796 1668 1829 1727 et
1848 1661 1971 1727 Plutur·

313 1775 407 1844 chus
428 1780 467 1844 ab
482 1779 656 1848 Octaviano.
668 1780 809 1848 Antonio
830 1780 963 1847 ceedem
984 1781 1187 1846 constitutum
1201 1780 1299 1847 luisse
1319 1787 1441 1865 putant,
1463 1783 1524 1847 vid.
1540 1782 1641 1850 Cicer.
1663 1782 1702 1846 nd
1718 1779 1812 1846 famil.
1835 1778 1885 1858 lt,
1918 1775 1971 1856 23,

314 1893 466 1977 ,neum
493 1897 686 1964 mbauarum
710 1903 782 1964 acte
806 1897 866 1966 tibi
901 1895 1093 1984 (Cornificio)
1114 1900 1212 1978 mitti,
1260 1903 1349 1967 certo
1371 1871 1448 1965 scio}
1512 1898 1608 1978 Quod
1633 1900 1665 1964 ni
1686 1903 1849 1983 putorem,
1898 1897 1967 1978 ipse

313 2014 595 2096 ,pencribercm
621 2017 841 2101 imprimisque
862 2015 1007 2084 &esuris
1028 2015 1192 2084 Octaviani
1221 2021 1388 2084 cunctum:
1430 2018 1470 2084 de
1491 2035 1556 2102 quo
1578 2017 1770 2083 multitudini
1792 2017 1901 2081 lichun
1922 2013 1962 2078 ab

311 2133 484 2214 ,munio
505 2135 627 2202 crimen
646 2135 781 2214 ridetur,
802 2139 840 2202 ut
858 2136 893 2202 in
911 2135 1082 2220 pecuniam
1101 2136 1312 2202 adolescentis
1333 2137 1488 2218 impetum
1508 2136 1637 2202 faceret.
1662 2135 1841 2202 Prudentes
1861 2137 1969 2198 uuoem

309 2255 374 2333 ,et
395 2253 474 2320 boni
494 2255 553 2320 siri
575 2260 609 2322 et
628 2254 899 2322 emortuorum
921 2260 955 2322 et
973 2257 1120 2340 probant
1139 2256 1296 2324 Antomus
1318 2259 1435 2334 autern,
1456 2259 1544 2322 huto
1558 2256 1640 2320 odio
1662 2273 1697 2321 sc
1720 2273 1791 2322 esse
1812 2251 1967 2336 intelligit,

309 2373 388 2454 ‚ut
412 2389 513 2457 quum
533 2373 753 2440 interfectores
773 2391 850 2439 suos
871 2374 958 2439 domi
979 2373 1267 2456 comprehenderit,
1288 2393 1358 2440 rem
1379 2374 1523 2458 proferre
1544 2393 1610 2439 non
1630 2371 1791 2439 audeaut*

446 2489 709 2558 InterOctovium
731 2493 766 2556 et
788 2492 966 2562 munium
992 2493 1090 2576 igitur
1116 2489 1246 2559 fuerunt
1273 2491 1399 2560 occultu
1421 2493 1608 2570 certamine,
1636 2509 1710 2556 num
1731 2489 1813 2554 ulter
1831 2487 1967 2552 alterum

309 2622 452 2692 semper
470 2610 592 2676 insidiis
611 2615 813 2692 praevertere
835 2612 1018 2692 conabatur,
1039 2631 1140 2697 quum
1159 2615 1297 2696 uterque
1318 2610 1405 2676 idem
1418 2614 1593 2694 spectaret,
1615 2617 1678 2694 qua
1698 2607 1821 2674 ratione
1842 2609 1877 2670 et
1897 2601 1965 2686 qui·

309 2725 379 2814 bus
401 2727 514 2793 studiis
535 2745 691 2821 summum
711 2747 821 2796 rerum
840 2729 875 2795 in
894 2748 986 2798 suem
1005 2736 1196 2814 potestatem
1220 2728 1392 2812 redigeret
1453 2729 1594 2814 Uterque
1621 2727 1681 2792 huc
1709 2725 1749 2790 dc
1777 2740 1874 2789 causa
1900 2737 1965 2785 nra·

309 2861 418 2928 gnum
432 2847 608 2913 exercitum
622 2847 682 2913 sihi
696 2864 882 2929 comparare
895 2848 1025 2926 absdorit,
1045 2867 1120 2914 num
1133 2848 1204 2914 sine
1217 2849 1333 2932 copiis,
1349 2866 1384 2914 se
1397 2847 1475 2915 nihil
1492 2848 1622 2914 efficere
1632 2861 1739 2930 posse,
1760 2838 1964 2922 hstelllgebat,

308 2963 477 3032 summm
497 2963 604 3048 igitur,
622 2969 661 3030 ut
680 2965 796 3032 milites
818 2964 961 3033 &maris
988 2967 1050 3033 sibi
1071 2967 1269 3046 conciliaret,
1290 2966 1324 3032 in
1346 2965 1414 3034 ces
1435 2967 1535 3050 mags
1557 2969 1666 3030 contra
1688 2962 1782 3045 hujus
1803 2956 1964 3024 dictatoris

310 3079 541 3150 interfectores
566 3083 791 3162 invehebatur,
825 3089 1001 3170 aperteque
1022 3085 1150 3163 edictis,
1185 3104 1222 3153 se
1249 3085 1292 3152 de
1318 3087 1502 3170 conjuretis,
1517 3084 1687 3151 vindictum
1715 3096 1841 3147 sumere
1868 3075 1960 3153 velle,

312 3198 517 3267 ostendebat.
565 3199 734 3268 menen
753 3201 938 3269 nominabat
955 3206 1078 3286 putrem
1099 3203 1140 3270 de
1159 3205 1323 3289 republica
1344 3204 1598 3284 meritissimum,
1627 3219 1691 3286 quo
1718 3199 1848 3266 nominc
1868 3209 1963 3261 suum

312 3316 487 3384 comitium
507 3322 542 3384 et
559 3317 640 3386 irem
659 3320 695 3386 in
712 3320 762 3386 rei
781 3319 929 3404 publicae
950 3321 1070 3388 amicos
1090 3322 1166 3390 satis
1187 3324 1359 3408 aperiebat.
1380 3327 1533 3407 recteque
1549 3320 1661 3388 Cicero
1684 3338 1722 3386 ea
1744 3318 1783 3383 de
1804 3333 1841 3382 re
1848 3311 1958 3381 Cassio

310 3435 460 3520 scripsit:
478 3439 586 3523 huget
610 3440 686 3504 tuus
705 3439 828 3506 amictu
847 3437 989 3506 mrem
1010 3441 1046 3507 in
1066 3440 1151 3508 dies:
1171 3443 1310 3529 primum
1329 3444 1365 3510 in
1385 3447 1505 3520 shtuo,
1526 3461 1622 3527 quum
1642 3441 1751 3525 posuit
1770 3439 1805 3504 in
1823 3433 1957 3510 Rostris,

314 3551 672 3640 ,metipsitl’arenti
692 3558 844 3642 optime
862 3559 1022 3638 merito,
1035 3563 1150 3628 utnon
1163 3561 1260 3629 modo
1273 3561 1379 3628 sicmii
1394 3563 1451 3628 sed
1466 3563 1561 3628 etiam
1575 3557 1751 3645 parricidae
1761 3550 1960 3640 indicemini,

314 3672 416 3758 ,quid
435 3671 508 3740 dico
525 3674 734 3758 indicemini?
749 3675 932 3758 iudicemur
950 3676 1068 3761 potios
1108 3675 1214 3747 Vestri
1236 3682 1322 3747 enim
1342 3680 1549 3765 pulcherrimi
1576 3678 1650 3744 facti
1671 3677 1725 3744 ille
1747 3675 1884 3742 furiosum
1905 3684 1960 3738 mo

313 3789 513 3876 ,prmcipem
533 3788 612 3857 dicit
629 3791 738 3858 fuisse.
777 3791 903 3862 Utinam
922 3792 1055 3877 quidem
1075 3794 1224 3866 omnent
1243 3799 1399 3868 molestum
1419 3799 1513 3867 nobis
1532 3816 1599 3864 non
1620 3801 1714 3864 esset.
1726 3829 1771 3844 -
1783 3792 1959 3862 Consilium

312 3925 432 3994 a⁰¹¹¹⁰⁰
452 3909 561 3974 lim
580 3906 644 3974 ¹¹⁰⁰
663 3911 715 3974 “i
733 3907 871 3989 illm·
891 3913 930 3976 ut
947 3913 1085 3978 mortem
1107 3911 1250 3984 &esuris
1270 3921 1513 4002 persequantur.
1544 3917 1656 4000 ltuqne
1670 3933 1700 3982 o.
1713 3913 1743 3979 d
1756 3916 1839 3979 sext.
1858 3911 1957 3979 Nou:

313 4025 452 4113 ,oeon
470 4025 645 4111 productus
659 4027 694 4092 in
713 4025 901 4094 condonem
920 4027 1084 4098 ecmuuo
1097 4029 1235 4115 (tribuno
1255 4033 1369 4120 plebis)
1390 4036 1572 4120 turpissime
1586 4035 1640 4100 ille
1655 4034 1784 4118 quidem
1796 4030 1956 4098 discessit:

313 4145 453 4231 ,sed-es
471 4148 581 4212 umen
600 4143 682 4214 dixit
699 4144 741 4212 de
761 4148 1035 4216 commonibus
1054 4151 1193 4235 potuine,
1219 4173 1303 4240 quoe
1323 4155 1388 4222 dici
1409 4154 1564 4222 deberent
1583 4154 1629 4220 de
1644 4151 1874 4238 proditoribus,
1916 4149 1957 4217 ad

313 4261 431 4348 ,rann
452 4262 503 4341 it,
522 4259 572 4328 h*
833 4318 839 4328 .
1521 4321 1524 4330 .
1859 4329 1861 4334 ,

436 4381 594 4449 butomus
613 4379 678 4447 hoc
695 4383 842 4465 tempore
860 4379 995 4450 Romam
1015 4385 1147 4472 reliquit
1171 4391 1268 4474 etque
1288 4390 1322 4458 in
1341 4389 1465 4458 lteliem
1486 4391 1669 4459 inferiorem
1689 4407 1724 4484 sc
1747 4390 1880 4457 contulit
1899 4389 1954 4458 oh·

309 4499 396 4568 dam
414 4498 577 4583 profectus
597 4504 736 4585 quomo
753 4501 943 4586 legionibus,
966 4524 1049 4590 qnae
1069 4509 1104 4574 in
1123 4506 1345 4574 Macedoniam
1365 4527 1384 4574 a
1405 4508 1544 4577 Caesure
1563 4512 1678 4576 missue
1699 4513 1773 4593 post
1792 4510 1862 4592 eius
1884 4527 1954 4574 cne-

309 4618 387 4685 dem
406 4618 440 4684 in
459 4617 582 4685 ltoliom
600 4619 855 4717 revertebuntur,
880 4625 919 4690 ut
938 4641 993 4692 ers
1012 4630 1149 4711 pecunie
1168 4626 1229 4692 sibi
1250 4627 1436 4695 conciliaret
1455 4633 1489 4696 et
1507 4647 1562 4696 eus
1583 4629 1623 4695 ud
1643 4628 1756 4696 urbem
1776 4629 1826 4696 rel
1847 4630 1954 4713 potius

308 4738 346 4805 in
364 4737 480 4806 urbem
506 4737 689 4806 adduceret.
749 4739 966 4810 llrunduuium
992 4745 1081 4813 seuit
1098 4744 1158 4814 vll
1175 4744 1252 4817 Idus
1272 4744 1405 4814 Octobr.
1431 4747 1471 4814 nd
1491 4747 1587 4814 famil.
1625 4745 1674 4826 ll,
1701 4747 1753 4815 23.
1773 4751 1813 4816 h
1833 4749 1864 4814 d
1884 4747 1952 4816 VII.

308 4834 545 4977 idul'tletoltr·
594 4855 811 4930 mmomion
835 4865 906 4933 erat
922 4861 1088 4952 protectus
1106 4862 1233 4938 murm
1249 4863 1430 4953 legionibus
1448 4865 1664 4938 ltuoedonicis
1685 4871 1837 4956 quatum,
1872 4883 1951 4954 quos
