<?xml version="1.0" encoding="UTF-8"?>
<!DOCTYPE html PUBLIC "-//W3C//DTD XHTML 1.0 Transitional//EN"
    "http://www.w3.org/TR/xhtml1/DTD/xhtml1-transitional.dtd">
<html xmlns="http://www.w3.org/1999/xhtml" xml:lang="en" lang="en">
 <head>
  <title>
</title>
<meta http-equiv="Content-Type" content="text/html;charset=utf-8" />
  <meta name='ocr-system' content='tesseract 3.04.00' />
  <meta name='ocr-capabilities' content='ocr_page ocr_carea ocr_par ocr_line ocrx_word'/>
</head>
<body>
  <div class='ocr_page' id='page_1' title='image "./mtulliusciceroi00heimgoog_0020.png"; bbox 0 0 5317 6609; ppageno 0'>
   <div class='ocr_carea' id='block_1_1' title="bbox 1514 653 1586 740">
    <p class='ocr_par' dir='ltr' id='par_1_1' title="bbox 1514 653 1586 740">
     <span class='ocr_line' id='line_1_1' title="bbox 1514 653 1586 740; baseline 0 0"><span class='ocrx_word' id='word_1_1' title='bbox 1514 653 1586 740; x_wconf 76' lang='lat'><strong>14</strong></span> 
     </span>
    </p>
   </div>
   <div class='ocr_carea' id='block_1_2' title="bbox 723 875 2376 1232">
    <p class='ocr_par' dir='ltr' id='par_1_2' title="bbox 723 875 2376 1232">
     <span class='ocr_line' id='line_1_2' title="bbox 725 875 2375 992; baseline -0.007 -19"><span class='ocrx_word' id='word_1_2' title='bbox 725 923 791 992; x_wconf 77' lang='lat' dir='ltr'><strong>quo</strong></span> <span class='ocrx_word' id='word_1_3' title='bbox 811 901 1001 976; x_wconf 89' lang='lat' dir='ltr'><strong>Ciceronem</strong></span> <span class='ocrx_word' id='word_1_4' title='bbox 1022 901 1133 968; x_wconf 86' lang='lat' dir='ltr'><strong>adesse</strong></span> <span class='ocrx_word' id='word_1_5' title='bbox 1152 900 1300 984; x_wconf 78' lang='lat' dir='ltr'><strong>iusserat,</strong></span> <span class='ocrx_word' id='word_1_6' title='bbox 1322 875 1447 982; x_wconf 63' lang='lat' dir='ltr'><strong>omnine</strong></span> <span class='ocrx_word' id='word_1_7' title='bbox 1469 896 1623 980; x_wconf 74' lang='lat' dir='ltr'><strong>quamdo</strong></span> <span class='ocrx_word' id='word_1_8' title='bbox 1644 896 1677 962; x_wconf 92' lang='lat' dir='ltr'><strong>ln</strong></span> <span class='ocrx_word' id='word_1_9' title='bbox 1698 892 1811 963; x_wconf 91' lang='lat' dir='ltr'><strong>aedem</strong></span> <span class='ocrx_word' id='word_1_10' title='bbox 1833 893 2030 966; x_wconf 87' lang='lat' dir='ltr'><strong>Concordiae</strong></span> <span class='ocrx_word' id='word_1_11' title='bbox 2056 897 2142 964; x_wconf 81' lang='lat' dir='ltr'><strong>veuit</strong></span> <span class='ocrx_word' id='word_1_12' title='bbox 2168 899 2203 965; x_wconf 88' lang='lat' dir='ltr'><strong>et</strong></span> <span class='ocrx_word' id='word_1_13' title='bbox 2229 895 2263 963; x_wconf 91' lang='lat' dir='ltr'><strong>in</strong></span> <span class='ocrx_word' id='word_1_14' title='bbox 2284 891 2375 962; x_wconf 89' lang='lat' dir='ltr'><strong>Cice·</strong></span> 
     </span>
     <span class='ocr_line' id='line_1_3' title="bbox 723 1013 2376 1106; baseline -0.008 -15"><span class='ocrx_word' id='word_1_15' title='bbox 723 1041 836 1092; x_wconf 85' lang='lat' dir='ltr'><strong>ronem</strong></span> <span class='ocrx_word' id='word_1_16' title='bbox 857 1023 1021 1088; x_wconf 75' lang='lat' dir='ltr'><strong>absentem</strong></span> <span class='ocrx_word' id='word_1_17' title='bbox 1042 1038 1098 1085; x_wconf 89' lang='lat' dir='ltr'><strong>ore</strong></span> <span class='ocrx_word' id='word_1_18' title='bbox 1119 1018 1333 1102; x_wconf 90' lang='lat' dir='ltr'><strong>impurissimo</strong></span> <span class='ocrx_word' id='word_1_19' title='bbox 1356 1015 1531 1080; x_wconf 84' lang='lat' dir='ltr'><strong>orationem</strong></span> <span class='ocrx_word' id='word_1_20' title='bbox 1553 1015 1700 1080; x_wconf 82' lang='lat' dir='ltr'><strong>evomuit</strong></span> <span class='ocrx_word' id='word_1_21' title='bbox 1743 1013 1890 1081; x_wconf 91' lang='lat' dir='ltr'><strong>Ciceroni</strong></span> <span class='ocrx_word' id='word_1_22' title='bbox 1914 1021 2021 1084; x_wconf 89' lang='lat' dir='ltr'><strong>autem</strong></span> <span class='ocrx_word' id='word_1_23' title='bbox 2047 1017 2081 1084; x_wconf 93' lang='lat' dir='ltr'><strong>in</strong></span> <span class='ocrx_word' id='word_1_24' title='bbox 2099 1020 2244 1106; x_wconf 79' lang='lat' dir='ltr'><strong>senatum</strong></span> <span class='ocrx_word' id='word_1_25' title='bbox 2266 1014 2376 1080; x_wconf 84' lang='lat' dir='ltr'><strong>venire</strong></span> 
     </span>
     <span class='ocr_line' id='line_1_4' title="bbox 724 1131 2376 1232; baseline -0.006 -23"><span class='ocrx_word' id='word_1_26' title='bbox 724 1161 784 1229; x_wconf 88' lang='lat' dir='ltr'><strong>per</strong></span> <span class='ocrx_word' id='word_1_27' title='bbox 804 1141 923 1208; x_wconf 88' lang='lat' dir='ltr'><strong>amicos</strong></span> <span class='ocrx_word' id='word_1_28' title='bbox 944 1158 1009 1205; x_wconf 90' lang='lat' dir='ltr'><strong>non</strong></span> <span class='ocrx_word' id='word_1_29' title='bbox 1030 1137 1129 1216; x_wconf 91' lang='lat' dir='ltr'><strong>licuit,</strong></span> <span class='ocrx_word' id='word_1_30' title='bbox 1152 1155 1203 1216; x_wconf 89' lang='lat' dir='ltr'><strong>eo,</strong></span> <span class='ocrx_word' id='word_1_31' title='bbox 1225 1133 1476 1220; x_wconf 78' lang='lat' dir='ltr'><strong>quodantomus</strong></span> <span class='ocrx_word' id='word_1_32' title='bbox 1498 1131 1686 1232; x_wconf 74' lang='lat' dir='ltr'><strong>oClcerpne</strong></span> <span class='ocrx_word' id='word_1_33' title='bbox 1707 1134 1813 1200; x_wconf 89' lang='lat' dir='ltr'><strong>caedis</strong></span> <span class='ocrx_word' id='word_1_34' title='bbox 1835 1135 1959 1201; x_wconf 88' lang='lat' dir='ltr'><strong>initium</strong></span> <span class='ocrx_word' id='word_1_35' title='bbox 1980 1140 2150 1220; x_wconf 78' lang='lat' dir='ltr'><strong>quaereret</strong></span> <span class='ocrx_word' id='word_1_36' title='bbox 2169 1134 2376 1217; x_wconf 69' lang='lat' dir='ltr'><strong>incursurum</strong></span> 
     </span>
    </p>
   </div>
   <div class='ocr_carea' id='block_1_3' title="bbox 611 1249 2376 1350">
    <p class='ocr_par' dir='ltr' id='par_1_3' title="bbox 611 1249 2376 1350">
     <span class='ocr_line' id='line_1_5' title="bbox 611 1249 2376 1350; baseline -0.007 -21"><span class='ocrx_word' id='word_1_37' title='bbox 611 1255 622 1278; x_wconf 82' lang='lat'><em>⁴</em></span> <span class='ocrx_word' id='word_1_38' title='bbox 725 1265 908 1350; x_wconf 86' lang='lat' dir='ltr'><strong>putaretur:</strong></span> <span class='ocrx_word' id='word_1_39' title='bbox 940 1256 1022 1323; x_wconf 90' lang='lat' dir='ltr'><strong>Pbil.</strong></span> <span class='ocrx_word' id='word_1_40' title='bbox 1043 1257 1075 1336; x_wconf 81' lang='lat'><strong>5,</strong></span> <span class='ocrx_word' id='word_1_41' title='bbox 1097 1256 1127 1323; x_wconf 85' lang='lat'><strong>¹1.</strong></span> <span class='ocrx_word' id='word_1_42' title='bbox 1172 1251 1266 1338; x_wconf 81' lang='lat' dir='ltr'><strong>,Quo</strong></span> <span class='ocrx_word' id='word_1_43' title='bbox 1288 1252 1351 1329; x_wconf 94' lang='lat' dir='ltr'><strong>die,</strong></span> <span class='ocrx_word' id='word_1_44' title='bbox 1373 1251 1400 1316; x_wconf 87' lang='lat' dir='ltr'><strong>si</strong></span> <span class='ocrx_word' id='word_1_45' title='bbox 1421 1268 1479 1332; x_wconf 91' lang='lat' dir='ltr'><strong>per</strong></span> <span class='ocrx_word' id='word_1_46' title='bbox 1500 1250 1618 1316; x_wconf 87' lang='lat' dir='ltr'><strong>amicos</strong></span> <span class='ocrx_word' id='word_1_47' title='bbox 1640 1249 1718 1316; x_wconf 93' lang='lat' dir='ltr'><strong>mibi</strong></span> <span class='ocrx_word' id='word_1_48' title='bbox 1739 1253 1878 1334; x_wconf 89' lang='lat' dir='ltr'><strong>cupienti</strong></span> <span class='ocrx_word' id='word_1_49' title='bbox 1894 1253 1927 1318; x_wconf 93' lang='lat' dir='ltr'><strong>iu</strong></span> <span class='ocrx_word' id='word_1_50' title='bbox 1940 1257 2085 1319; x_wconf 89' lang='lat' dir='ltr'><strong>senatum</strong></span> <span class='ocrx_word' id='word_1_51' title='bbox 2099 1253 2208 1320; x_wconf 88' lang='lat' dir='ltr'><strong>renire</strong></span> <span class='ocrx_word' id='word_1_52' title='bbox 2222 1251 2376 1330; x_wconf 87' lang='lat' dir='ltr'><strong>licuisset,</strong></span> 
     </span>
    </p>
   </div>
   <div class='ocr_carea' id='block_1_4' title="bbox 723 1365 2484 5009">
    <p class='ocr_par' dir='ltr' id='par_1_4' title="bbox 723 1365 2484 5009">
     <span class='ocr_line' id='line_1_6' title="bbox 725 1365 2375 1446; baseline -0.005 -1"><span class='ocrx_word' id='word_1_53' title='bbox 725 1378 832 1446; x_wconf 89' lang='lat' dir='ltr'><strong>caedis</strong></span> <span class='ocrx_word' id='word_1_54' title='bbox 859 1377 986 1443; x_wconf 91' lang='lat' dir='ltr'><strong>initium</strong></span> <span class='ocrx_word' id='word_1_55' title='bbox 1006 1376 1136 1441; x_wconf 89' lang='lat' dir='ltr'><strong>iecisset</strong></span> <span class='ocrx_word' id='word_1_56' title='bbox 1155 1391 1174 1437; x_wconf 91' lang='lat' dir='ltr'><strong>a</strong></span> <span class='ocrx_word' id='word_1_57' title='bbox 1194 1387 1259 1436; x_wconf 86' lang='lat' dir='ltr'><strong>me.</strong></span> <span class='ocrx_word' id='word_1_58' title='bbox 1301 1367 1355 1434; x_wconf 86' lang='lat' dir='ltr'><strong>Sic</strong></span> <span class='ocrx_word' id='word_1_59' title='bbox 1376 1368 1461 1434; x_wconf 84' lang='lat' dir='ltr'><strong>enim</strong></span> <span class='ocrx_word' id='word_1_60' title='bbox 1482 1365 1668 1433; x_wconf 67' lang='lat' dir='ltr'><strong>statues-w</strong></span> <span class='ocrx_word' id='word_1_61' title='bbox 1712 1371 1870 1437; x_wconf 78' lang='lat' dir='ltr'><strong>Antonius</strong></span> <span class='ocrx_word' id='word_1_62' title='bbox 1891 1373 1924 1435; x_wconf 90' lang='lat' dir='ltr'><strong>iu</strong></span> <span class='ocrx_word' id='word_1_63' title='bbox 1945 1371 2005 1437; x_wconf 88' lang='lat' dir='ltr'><strong>bac</strong></span> <span class='ocrx_word' id='word_1_64' title='bbox 2025 1369 2206 1438; x_wconf 86' lang='lat' dir='ltr'><strong>rebementi</strong></span> <span class='ocrx_word' id='word_1_65' title='bbox 2227 1369 2375 1436; x_wconf 83' lang='lat' dir='ltr'><strong>oratioue</strong></span> 
     </span>
     <span class='ocr_line' id='line_1_7' title="bbox 723 1484 2375 1583; baseline -0.004 -20"><span class='ocrx_word' id='word_1_66' title='bbox 723 1503 852 1583; x_wconf 90' lang='lat' dir='ltr'><strong>praeter</strong></span> <span class='ocrx_word' id='word_1_67' title='bbox 872 1495 933 1561; x_wconf 92' lang='lat' dir='ltr'><strong>alia</strong></span> <span class='ocrx_word' id='word_1_68' title='bbox 954 1512 973 1558; x_wconf 89' lang='lat' dir='ltr'><strong>a</strong></span> <span class='ocrx_word' id='word_1_69' title='bbox 995 1492 1150 1560; x_wconf 87' lang='lat' dir='ltr'><strong>Cicerone</strong></span> <span class='ocrx_word' id='word_1_70' title='bbox 1171 1486 1343 1552; x_wconf 76' lang='lat' dir='ltr'><strong>amicitiam</strong></span> <span class='ocrx_word' id='word_1_71' title='bbox 1363 1501 1435 1551; x_wconf 90' lang='lat' dir='ltr'><strong>esse</strong></span> <span class='ocrx_word' id='word_1_72' title='bbox 1455 1484 1601 1554; x_wconf 84' lang='lat' dir='ltr'><strong>violatam</strong></span> <span class='ocrx_word' id='word_1_73' title='bbox 1621 1487 1702 1553; x_wconf 81' lang='lat' dir='ltr'>dixit</span> <span class='ocrx_word' id='word_1_74' title='bbox 1721 1487 1819 1572; x_wconf 82' lang='lat' dir='ltr'><strong>idque</strong></span> <span class='ocrx_word' id='word_1_75' title='bbox 1840 1507 1882 1556; x_wconf 86' lang='lat' dir='ltr'><strong>ex</strong></span> <span class='ocrx_word' id='word_1_76' title='bbox 1902 1491 2053 1574; x_wconf 85' lang='lat' dir='ltr'><strong>epistola,</strong></span> <span class='ocrx_word' id='word_1_77' title='bbox 2073 1507 2170 1574; x_wconf 62' lang='lat' dir='ltr'><strong>mam</strong></span> <span class='ocrx_word' id='word_1_78' title='bbox 2184 1489 2245 1574; x_wconf 85' lang='lat' dir='ltr'><strong>ipsi</strong></span> <span class='ocrx_word' id='word_1_79' title='bbox 2259 1487 2375 1556; x_wconf 90' lang='lat' dir='ltr'><strong>Cicera</strong></span> 
     </span>
     <span class='ocr_line' id='line_1_8' title="bbox 725 1603 2375 1700; baseline -0.005 -18"><span class='ocrx_word' id='word_1_80' title='bbox 725 1616 911 1700; x_wconf 68' lang='lat' dir='ltr'><strong>scripserat,</strong></span> <span class='ocrx_word' id='word_1_81' title='bbox 948 1611 1002 1675; x_wconf 93' lang='lat' dir='ltr'><strong>ubi</strong></span> <span class='ocrx_word' id='word_1_82' title='bbox 1024 1626 1099 1672; x_wconf 90' lang='lat' dir='ltr'><strong>euru</strong></span> <span class='ocrx_word' id='word_1_83' title='bbox 1119 1606 1240 1671; x_wconf 89' lang='lat' dir='ltr'><strong>bonum</strong></span> <span class='ocrx_word' id='word_1_84' title='bbox 1261 1603 1362 1668; x_wconf 82' lang='lat' dir='ltr'><strong>civem</strong></span> <span class='ocrx_word' id='word_1_85' title='bbox 1384 1605 1417 1668; x_wconf 90' lang='lat' dir='ltr'><strong>et</strong></span> <span class='ocrx_word' id='word_1_86' title='bbox 1436 1603 1539 1668; x_wconf 78' lang='lat' dir='ltr'><strong>sirum</strong></span> <span class='ocrx_word' id='word_1_87' title='bbox 1559 1603 1784 1684; x_wconf 84' lang='lat' dir='ltr'><strong>nominaverat,</strong></span> <span class='ocrx_word' id='word_1_88' title='bbox 1807 1606 1976 1673; x_wconf 68' lang='lat' dir='ltr'><strong>creauere</strong></span> <span class='ocrx_word' id='word_1_89' title='bbox 1996 1607 2133 1686; x_wconf 89' lang='lat' dir='ltr'><strong>studuit,</strong></span> <span class='ocrx_word' id='word_1_90' title='bbox 2162 1606 2375 1690; x_wconf 80' lang='lat' dir='ltr'><strong>Cicerouique</strong></span> 
     </span>
     <span class='ocr_line' id='line_1_9' title="bbox 725 1721 2374 1815; baseline -0.006 -14"><span class='ocrx_word' id='word_1_91' title='bbox 725 1735 803 1801; x_wconf 89' lang='lat' dir='ltr'><strong>alias</strong></span> <span class='ocrx_word' id='word_1_92' title='bbox 823 1749 919 1815; x_wconf 86' lang='lat' dir='ltr'><strong>quam</strong></span> <span class='ocrx_word' id='word_1_93' title='bbox 940 1728 1075 1794; x_wconf 90' lang='lat' dir='ltr'><strong>salutem</strong></span> <span class='ocrx_word' id='word_1_94' title='bbox 1095 1723 1215 1807; x_wconf 80' lang='lat' dir='ltr'><strong>patriae</strong></span> <span class='ocrx_word' id='word_1_95' title='bbox 1230 1739 1341 1787; x_wconf 89' lang='lat' dir='ltr'><strong>causus</strong></span> <span class='ocrx_word' id='word_1_96' title='bbox 1356 1721 1539 1788; x_wconf 84' lang='lat' dir='ltr'><strong>inimicitiae</strong></span> <span class='ocrx_word' id='word_1_97' title='bbox 1553 1739 1634 1801; x_wconf 90' lang='lat' dir='ltr'><strong>esse,</strong></span> <span class='ocrx_word' id='word_1_98' title='bbox 1657 1723 1828 1790; x_wconf 81' lang='lat' dir='ltr'><strong>contendit.</strong></span> <span class='ocrx_word' id='word_1_99' title='bbox 1864 1724 1906 1792; x_wconf 87' lang='lat' dir='ltr'><strong>lit</strong></span> <span class='ocrx_word' id='word_1_100' title='bbox 1920 1730 2026 1791; x_wconf 86' lang='lat' dir='ltr'><strong>autem</strong></span> <span class='ocrx_word' id='word_1_101' title='bbox 2040 1725 2227 1792; x_wconf 89' lang='lat' dir='ltr'><strong>nominatim</strong></span> <span class='ocrx_word' id='word_1_102' title='bbox 2247 1725 2374 1805; x_wconf 87' lang='lat' dir='ltr'><strong>milites,</strong></span> 
     </span>
     <span class='ocr_line' id='line_1_10' title="bbox 726 1837 2376 1938; baseline -0.007 -18"><span class='ocrx_word' id='word_1_103' title='bbox 726 1870 808 1938; x_wconf 83' lang='lat' dir='ltr'><strong>quos</strong></span> <span class='ocrx_word' id='word_1_104' title='bbox 830 1852 864 1916; x_wconf 92' lang='lat' dir='ltr'><strong>in</strong></span> <span class='ocrx_word' id='word_1_105' title='bbox 884 1846 973 1913; x_wconf 80' lang='lat' dir='ltr'><strong>aedis</strong></span> <span class='ocrx_word' id='word_1_106' title='bbox 994 1843 1093 1928; x_wconf 92' lang='lat' dir='ltr'><strong>portis</strong></span> <span class='ocrx_word' id='word_1_107' title='bbox 1115 1841 1331 1917; x_wconf 86' lang='lat' dir='ltr'><strong>constituerat,</strong></span> <span class='ocrx_word' id='word_1_108' title='bbox 1354 1843 1463 1906; x_wconf 87' lang='lat' dir='ltr'><strong>contra</strong></span> <span class='ocrx_word' id='word_1_109' title='bbox 1485 1837 1674 1907; x_wconf 81' lang='lat' dir='ltr'><strong>Ciceronem</strong></span> <span class='ocrx_word' id='word_1_110' title='bbox 1695 1843 1860 1920; x_wconf 77' lang='lat' dir='ltr'><strong>excitaret,</strong></span> <span class='ocrx_word' id='word_1_111' title='bbox 1881 1842 1914 1908; x_wconf 94' lang='lat' dir='ltr'><strong>iu</strong></span> <span class='ocrx_word' id='word_1_112' title='bbox 1935 1842 1996 1909; x_wconf 94' lang='lat' dir='ltr'><strong>bac</strong></span> <span class='ocrx_word' id='word_1_113' title='bbox 2016 1845 2171 1922; x_wconf 89' lang='lat' dir='ltr'><strong>oratioue,</strong></span> <span class='ocrx_word' id='word_1_114' title='bbox 2192 1843 2282 1909; x_wconf 92' lang='lat' dir='ltr'><strong>illum</strong></span> <span class='ocrx_word' id='word_1_115' title='bbox 2303 1861 2376 1909; x_wconf 83' lang='lat' dir='ltr'><strong>cae·</strong></span> 
     </span>
     <span class='ocr_line' id='line_1_11' title="bbox 725 1957 2374 2044; baseline -0.005 -7"><span class='ocrx_word' id='word_1_116' title='bbox 725 1971 774 2037; x_wconf 89' lang='lat' dir='ltr'><strong>dia</strong></span> <span class='ocrx_word' id='word_1_117' title='bbox 796 1964 940 2036; x_wconf 87' lang='lat' dir='ltr'><strong>Caesaris</strong></span> <span class='ocrx_word' id='word_1_118' title='bbox 962 1967 1125 2028; x_wconf 84' lang='lat' dir='ltr'><strong>auctorem</strong></span> <span class='ocrx_word' id='word_1_119' title='bbox 1144 1978 1210 2027; x_wconf 91' lang='lat' dir='ltr'><strong>uon</strong></span> <span class='ocrx_word' id='word_1_120' title='bbox 1230 1959 1336 2024; x_wconf 90' lang='lat' dir='ltr'><strong>solnm</strong></span> <span class='ocrx_word' id='word_1_121' title='bbox 1357 1957 1465 2034; x_wconf 76' lang='lat' dir='ltr'><strong>mine,</strong></span> <span class='ocrx_word' id='word_1_122' title='bbox 1487 1957 1545 2023; x_wconf 92' lang='lat' dir='ltr'><strong>sed</strong></span> <span class='ocrx_word' id='word_1_123' title='bbox 1565 1976 1651 2025; x_wconf 89' lang='lat' dir='ltr'><strong>nnnc</strong></span> <span class='ocrx_word' id='word_1_124' title='bbox 1672 1977 1801 2043; x_wconf 81' lang='lat' dir='ltr'><strong>quoqne</strong></span> <span class='ocrx_word' id='word_1_125' title='bbox 1822 1961 1909 2026; x_wconf 90' lang='lat' dir='ltr'><strong>omni</strong></span> <span class='ocrx_word' id='word_1_126' title='bbox 1931 1960 2028 2031; x_wconf 87' lang='lat' dir='ltr'><strong>modo</strong></span> <span class='ocrx_word' id='word_1_127' title='bbox 2049 1962 2230 2044; x_wconf 76' lang='lat' dir='ltr'><strong>coniuratos</strong></span> <span class='ocrx_word' id='word_1_128' title='bbox 2250 1979 2374 2044; x_wconf 74' lang='lat' dir='ltr'><strong>regere,</strong></span> 
     </span>
     <span class='ocr_line' id='line_1_12' title="bbox 727 2075 2374 2164; baseline -0.005 -8"><span class='ocrx_word' id='word_1_129' title='bbox 727 2088 913 2156; x_wconf 88' lang='lat' dir='ltr'><strong>criminatus</strong></span> <span class='ocrx_word' id='word_1_130' title='bbox 936 2086 994 2148; x_wconf 87' lang='lat' dir='ltr'><strong>est.</strong></span> <span class='ocrx_word' id='word_1_131' title='bbox 1035 2077 1159 2156; x_wconf 90' lang='lat' dir='ltr'><strong>Cicero,</strong></span> <span class='ocrx_word' id='word_1_132' title='bbox 1182 2078 1237 2161; x_wconf 85' lang='lat' dir='ltr'><strong>qui</strong></span> <span class='ocrx_word' id='word_1_133' title='bbox 1258 2076 1362 2141; x_wconf 89' lang='lat' dir='ltr'><strong>adbuc</strong></span> <span class='ocrx_word' id='word_1_134' title='bbox 1382 2075 1504 2142; x_wconf 81' lang='lat' dir='ltr'><strong>Romae</strong></span> <span class='ocrx_word' id='word_1_135' title='bbox 1525 2075 1575 2142; x_wconf 84' lang='lat' dir='ltr'><strong>rel</strong></span> <span class='ocrx_word' id='word_1_136' title='bbox 1596 2077 1629 2142; x_wconf 91' lang='lat' dir='ltr'><strong>in</strong></span> <span class='ocrx_word' id='word_1_137' title='bbox 1648 2077 1761 2144; x_wconf 84' lang='lat' dir='ltr'><strong>ricinia</strong></span> <span class='ocrx_word' id='word_1_138' title='bbox 1782 2078 1870 2145; x_wconf 87' lang='lat' dir='ltr'><strong>urbis</strong></span> <span class='ocrx_word' id='word_1_139' title='bbox 1891 2084 2105 2146; x_wconf 84' lang='lat' dir='ltr'><strong>commoratus</strong></span> <span class='ocrx_word' id='word_1_140' title='bbox 2127 2084 2205 2158; x_wconf 89' lang='lat' dir='ltr'><strong>erat,</strong></span> <span class='ocrx_word' id='word_1_141' title='bbox 2226 2081 2374 2164; x_wconf 84' lang='lat' dir='ltr'><strong>propriae</strong></span> 
     </span>
     <span class='ocr_line' id='line_1_13' title="bbox 727 2192 2373 2287; baseline -0.005 -13"><span class='ocrx_word' id='word_1_142' title='bbox 727 2204 906 2276; x_wconf 88' lang='lat' dir='ltr'><strong>securitatis</strong></span> <span class='ocrx_word' id='word_1_143' title='bbox 927 2217 1021 2268; x_wconf 84' lang='lat' dir='ltr'><strong>cama</strong></span> <span class='ocrx_word' id='word_1_144' title='bbox 1041 2199 1076 2265; x_wconf 91' lang='lat' dir='ltr'><strong>in</strong></span> <span class='ocrx_word' id='word_1_145' title='bbox 1096 2199 1202 2264; x_wconf 85' lang='lat' dir='ltr'><strong>villam</strong></span> <span class='ocrx_word' id='word_1_146' title='bbox 1222 2194 1307 2261; x_wconf 90' lang='lat' dir='ltr'><strong>hand</strong></span> <span class='ocrx_word' id='word_1_147' title='bbox 1326 2194 1440 2278; x_wconf 89' lang='lat' dir='ltr'><strong>procul</strong></span> <span class='ocrx_word' id='word_1_148' title='bbox 1462 2211 1480 2258; x_wconf 93' lang='lat' dir='ltr'><strong>a</strong></span> <span class='ocrx_word' id='word_1_149' title='bbox 1499 2192 1633 2279; x_wconf 84' lang='lat' dir='ltr'><strong>Neapoli</strong></span> <span class='ocrx_word' id='word_1_150' title='bbox 1653 2196 1807 2276; x_wconf 78' lang='lat' dir='ltr'><strong>discessit,</strong></span> <span class='ocrx_word' id='word_1_151' title='bbox 1829 2198 1884 2263; x_wconf 92' lang='lat' dir='ltr'><strong>nbi</strong></span> <span class='ocrx_word' id='word_1_152' title='bbox 1905 2199 2082 2266; x_wconf 87' lang='lat' dir='ltr'><strong>orationem</strong></span> <span class='ocrx_word' id='word_1_153' title='bbox 2089 2197 2297 2287; x_wconf 85' lang='lat' dir='ltr'><strong>Pbilippicam</strong></span> <span class='ocrx_word' id='word_1_154' title='bbox 2323 2217 2373 2266; x_wconf 91' lang='lat' dir='ltr'><strong>se·</strong></span> 
     </span>
     <span class='ocr_line' id='line_1_14' title="bbox 727 2310 2372 2403; baseline -0.002 -15"><span class='ocrx_word' id='word_1_155' title='bbox 727 2324 879 2400; x_wconf 77' lang='lat' dir='ltr'><strong>mnndum,</strong></span> <span class='ocrx_word' id='word_1_156' title='bbox 915 2337 1011 2403; x_wconf 85' lang='lat' dir='ltr'><strong>quam</strong></span> <span class='ocrx_word' id='word_1_157' title='bbox 1029 2315 1190 2383; x_wconf 78' lang='lat' dir='ltr'><strong>iuvenalis</strong></span> <span class='ocrx_word' id='word_1_158' title='bbox 1211 2312 1275 2378; x_wconf 84' lang='lat' dir='ltr'><strong>Sat</strong></span> <span class='ocrx_word' id='word_1_159' title='bbox 1296 2310 1339 2390; x_wconf 78' lang='lat' dir='ltr'><strong>X,</strong></span> <span class='ocrx_word' id='word_1_160' title='bbox 1363 2311 1422 2377; x_wconf 78' lang='lat' dir='ltr'><strong>ind</strong></span> <span class='ocrx_word' id='word_1_161' title='bbox 1444 2310 1622 2377; x_wconf 80' lang='lat' dir='ltr'><strong>divinam</strong></span> <span class='ocrx_word' id='word_1_162' title='bbox 1642 2313 1788 2396; x_wconf 86' lang='lat' dir='ltr'><strong>appellat,</strong></span> <span class='ocrx_word' id='word_1_163' title='bbox 1809 2315 1943 2398; x_wconf 87' lang='lat' dir='ltr'><strong>scripsit</strong></span> <span class='ocrx_word' id='word_1_164' title='bbox 1991 2316 2181 2385; x_wconf 82' lang='lat' dir='ltr'><strong>Ciceronem</strong></span> <span class='ocrx_word' id='word_1_165' title='bbox 2201 2317 2284 2384; x_wconf 87' lang='lat' dir='ltr'><strong>bunc</strong></span> <span class='ocrx_word' id='word_1_166' title='bbox 2303 2335 2372 2384; x_wconf 88' lang='lat' dir='ltr'><strong>nra·</strong></span> 
     </span>
     <span class='ocr_line' id='line_1_15' title="bbox 726 2429 2371 2520; baseline -0.003 -10"><span class='ocrx_word' id='word_1_167' title='bbox 726 2444 850 2511; x_wconf 79' lang='lat' dir='ltr'><strong>donem</strong></span> <span class='ocrx_word' id='word_1_168' title='bbox 870 2439 904 2506; x_wconf 91' lang='lat' dir='ltr'><strong>in</strong></span> <span class='ocrx_word' id='word_1_169' title='bbox 924 2440 1038 2503; x_wconf 90' lang='lat' dir='ltr'><strong>senatu</strong></span> <span class='ocrx_word' id='word_1_170' title='bbox 1058 2436 1227 2520; x_wconf 85' lang='lat' dir='ltr'><strong>praesente</strong></span> <span class='ocrx_word' id='word_1_171' title='bbox 1247 2429 1388 2496; x_wconf 77' lang='lat' dir='ltr'><strong>antonio</strong></span> <span class='ocrx_word' id='word_1_172' title='bbox 1409 2429 1569 2506; x_wconf 88' lang='lat' dir='ltr'><strong>babuisse,</strong></span> <span class='ocrx_word' id='word_1_173' title='bbox 1589 2433 1627 2495; x_wconf 92' lang='lat' dir='ltr'><strong>ut</strong></span> <span class='ocrx_word' id='word_1_174' title='bbox 1646 2431 1737 2496; x_wconf 86' lang='lat' dir='ltr'><strong>multi</strong></span> <span class='ocrx_word' id='word_1_175' title='bbox 1757 2435 1886 2514; x_wconf 83' lang='lat' dir='ltr'><strong>putant,</strong></span> <span class='ocrx_word' id='word_1_176' title='bbox 1914 2451 2024 2501; x_wconf 87' lang='lat' dir='ltr'><strong>rerum</strong></span> <span class='ocrx_word' id='word_1_177' title='bbox 2044 2453 2111 2502; x_wconf 91' lang='lat' dir='ltr'><strong>non</strong></span> <span class='ocrx_word' id='word_1_178' title='bbox 2132 2441 2197 2515; x_wconf 89' lang='lat' dir='ltr'><strong>est,</strong></span> <span class='ocrx_word' id='word_1_179' title='bbox 2223 2436 2281 2504; x_wconf 87' lang='lat' dir='ltr'><strong>sed</strong></span> <span class='ocrx_word' id='word_1_180' title='bbox 2302 2455 2371 2504; x_wconf 85' lang='lat' dir='ltr'><strong>ean</strong></span> 
     </span>
     <span class='ocr_line' id='line_1_16' title="bbox 724 2545 2372 2643; baseline -0.002 -18"><span class='ocrx_word' id='word_1_181' title='bbox 724 2564 770 2632; x_wconf 78' lang='lat' dir='ltr'><strong>lta</strong></span> <span class='ocrx_word' id='word_1_182' title='bbox 790 2559 994 2643; x_wconf 88' lang='lat' dir='ltr'><strong>conscripsit,</strong></span> <span class='ocrx_word' id='word_1_183' title='bbox 1029 2553 1119 2638; x_wconf 86' lang='lat' dir='ltr'><strong>qnasi</strong></span> <span class='ocrx_word' id='word_1_184' title='bbox 1141 2553 1173 2616; x_wconf 93' lang='lat' dir='ltr'><strong>iu</strong></span> <span class='ocrx_word' id='word_1_185' title='bbox 1194 2553 1395 2635; x_wconf 86' lang='lat' dir='ltr'><strong>praesentem</strong></span> <span class='ocrx_word' id='word_1_186' title='bbox 1416 2550 1589 2614; x_wconf 79' lang='lat' dir='ltr'><strong>Antonium</strong></span> <span class='ocrx_word' id='word_1_187' title='bbox 1609 2545 1685 2614; x_wconf 83' lang='lat' dir='ltr'><strong>xffl</strong></span> <span class='ocrx_word' id='word_1_188' title='bbox 1707 2547 1771 2616; x_wconf 89' lang='lat' dir='ltr'><strong>Cal.</strong></span> <span class='ocrx_word' id='word_1_189' title='bbox 1792 2549 1908 2618; x_wconf 88' lang='lat' dir='ltr'><strong>Octob.</strong></span> <span class='ocrx_word' id='word_1_190' title='bbox 1927 2551 2034 2620; x_wconf 90' lang='lat' dir='ltr'><strong>babitu</strong></span> <span class='ocrx_word' id='word_1_191' title='bbox 2054 2553 2182 2633; x_wconf 81' lang='lat' dir='ltr'><strong>linisset,</strong></span> <span class='ocrx_word' id='word_1_192' title='bbox 2224 2555 2312 2640; x_wconf 78' lang='lat' dir='ltr'><strong>quod</strong></span> <span class='ocrx_word' id='word_1_193' title='bbox 2332 2573 2372 2622; x_wconf 83' lang='lat' dir='ltr'><strong>ex</strong></span> 
     </span>
     <span class='ocr_line' id='line_1_17' title="bbox 726 2661 2370 2762; baseline -0.007 -11"><span class='ocrx_word' id='word_1_194' title='bbox 726 2675 1003 2762; x_wconf 73' lang='lat' dir='ltr'><strong>semispuncta</strong></span> <span class='ocrx_word' id='word_1_195' title='bbox 1030 2669 1312 2752; x_wconf 86' lang='lat' dir='ltr'><strong>orutioneipsac</strong></span> <span class='ocrx_word' id='word_1_196' title='bbox 1333 2666 1592 2734; x_wconf 72' lang='lat' dir='ltr'><strong>adinvenimus:</strong></span> <span class='ocrx_word' id='word_1_197' title='bbox 1632 2661 1783 2750; x_wconf 83' lang='lat' dir='ltr'><strong>,Quaero</strong></span> <span class='ocrx_word' id='word_1_198' title='bbox 1804 2667 1972 2754; x_wconf 85' lang='lat' dir='ltr'><strong>deinceps,</strong></span> <span class='ocrx_word' id='word_1_199' title='bbox 1999 2680 2090 2737; x_wconf 83' lang='lat' dir='ltr'><strong>num&#39;</strong></span> <span class='ocrx_word' id='word_1_200' title='bbox 2103 2671 2276 2739; x_wconf 88' lang='lat' dir='ltr'><strong>bodiemus</strong></span> <span class='ocrx_word' id='word_1_201' title='bbox 2304 2671 2370 2740; x_wconf 88' lang='lat' dir='ltr'><strong>dies</strong></span> 
     </span>
     <span class='ocr_line' id='line_1_18' title="bbox 728 2783 2371 2888; baseline -0.003 -25"><span class='ocrx_word' id='word_1_202' title='bbox 728 2799 803 2888; x_wconf 70' lang='lat' dir='ltr'><strong>„qui</strong></span> <span class='ocrx_word' id='word_1_203' title='bbox 824 2799 876 2875; x_wconf 88' lang='lat' dir='ltr'><strong>sit,</strong></span> <span class='ocrx_word' id='word_1_204' title='bbox 897 2790 1047 2878; x_wconf 75' lang='lat' dir='ltr'><strong>ignorest</strong></span> <span class='ocrx_word' id='word_1_205' title='bbox 1073 2789 1197 2865; x_wconf 85' lang='lat' dir='ltr'><strong>nescis,</strong></span> <span class='ocrx_word' id='word_1_206' title='bbox 1232 2786 1300 2850; x_wconf 90' lang='lat' dir='ltr'><strong>beri</strong></span> <span class='ocrx_word' id='word_1_207' title='bbox 1322 2791 1470 2870; x_wconf 80' lang='lat' dir='ltr'><strong>qnartrrm</strong></span> <span class='ocrx_word' id='word_1_208' title='bbox 1491 2787 1523 2852; x_wconf 94' lang='lat' dir='ltr'><strong>in</strong></span> <span class='ocrx_word' id='word_1_209' title='bbox 1545 2783 1638 2853; x_wconf 86' lang='lat' dir='ltr'><strong>Circo</strong></span> <span class='ocrx_word' id='word_1_210' title='bbox 1659 2785 1745 2852; x_wconf 90' lang='lat' dir='ltr'><strong>diem</strong></span> <span class='ocrx_word' id='word_1_211' title='bbox 1773 2785 1921 2854; x_wconf 91' lang='lat' dir='ltr'><strong>ludorum</strong></span> <span class='ocrx_word' id='word_1_212' title='bbox 1940 2787 2157 2856; x_wconf 79' lang='lat' dir='ltr'><strong>Romanorum</strong></span> <span class='ocrx_word' id='word_1_213' title='bbox 2178 2789 2300 2858; x_wconf 76' lang='lat' dir='ltr'><strong>inisset</strong></span> <span class='ocrx_word' id='word_1_214' title='bbox 2338 2795 2371 2858; x_wconf 88' lang='lat' dir='ltr'><strong>te</strong></span> 
     </span>
     <span class='ocr_line' id='line_1_19' title="bbox 728 2904 2370 3004; baseline -0.004 -21"><span class='ocrx_word' id='word_1_215' title='bbox 728 2921 853 3004; x_wconf 77' lang='lat' dir='ltr'><strong>,ipsum</strong></span> <span class='ocrx_word' id='word_1_216' title='bbox 874 2917 981 2977; x_wconf 88' lang='lat' dir='ltr'><strong>autem</strong></span> <span class='ocrx_word' id='word_1_217' title='bbox 1003 2908 1043 2973; x_wconf 88' lang='lat' dir='ltr'><strong>ad</strong></span> <span class='ocrx_word' id='word_1_218' title='bbox 1063 2905 1218 2990; x_wconf 92' lang='lat' dir='ltr'><strong>populum</strong></span> <span class='ocrx_word' id='word_1_219' title='bbox 1237 2904 1367 2983; x_wconf 89' lang='lat' dir='ltr'><strong>tulisse,</strong></span> <span class='ocrx_word' id='word_1_220' title='bbox 1392 2909 1430 2970; x_wconf 91' lang='lat' dir='ltr'><strong>ut</strong></span> <span class='ocrx_word' id='word_1_221' title='bbox 1450 2904 1578 2988; x_wconf 75' lang='lat' dir='ltr'><strong>qusintus</strong></span> <span class='ocrx_word' id='word_1_222' title='bbox 1598 2908 1764 2988; x_wconf 87' lang='lat' dir='ltr'><strong>praeterea</strong></span> <span class='ocrx_word' id='word_1_223' title='bbox 1785 2905 1853 2972; x_wconf 87' lang='lat' dir='ltr'><strong>dies</strong></span> <span class='ocrx_word' id='word_1_224' title='bbox 1875 2905 2002 2972; x_wconf 87' lang='lat' dir='ltr'><strong>Caesari</strong></span> <span class='ocrx_word' id='word_1_225' title='bbox 2022 2907 2238 2975; x_wconf 73' lang='lat' dir='ltr'><strong>nibuereturi</strong></span> <span class='ocrx_word' id='word_1_226' title='bbox 2257 2907 2370 2976; x_wconf 84' lang='lat' dir='ltr'><strong>etcet&#39;</strong></span> 
     </span>
     <span class='ocr_line' id='line_1_20' title="bbox 726 3021 2372 3122; baseline -0.005 -22"><span class='ocrx_word' id='word_1_227' title='bbox 726 3038 825 3122; x_wconf 82' lang='lat' dir='ltr'><strong>patet,</strong></span> <span class='ocrx_word' id='word_1_228' title='bbox 846 3047 921 3097; x_wconf 88' lang='lat' dir='ltr'><strong>num</strong></span> <span class='ocrx_word' id='word_1_229' title='bbox 944 3027 1092 3092; x_wconf 88' lang='lat' dir='ltr'><strong>ludorum</strong></span> <span class='ocrx_word' id='word_1_230' title='bbox 1114 3024 1241 3089; x_wconf 89' lang='lat' dir='ltr'><strong>illorum</strong></span> <span class='ocrx_word' id='word_1_231' title='bbox 1261 3024 1383 3107; x_wconf 92' lang='lat' dir='ltr'><strong>primus</strong></span> <span class='ocrx_word' id='word_1_232' title='bbox 1404 3023 1471 3088; x_wconf 89' lang='lat' dir='ltr'><strong>dics</strong></span> <span class='ocrx_word' id='word_1_233' title='bbox 1494 3026 1563 3087; x_wconf 85' lang='lat' dir='ltr'><strong>erat</strong></span> <span class='ocrx_word' id='word_1_234' title='bbox 1581 3021 1671 3088; x_wconf 81' lang='lat' dir='ltr'><strong>xvn</strong></span> <span class='ocrx_word' id='word_1_235' title='bbox 1692 3022 1757 3089; x_wconf 89' lang='lat' dir='ltr'><strong>Cal.</strong></span> <span class='ocrx_word' id='word_1_236' title='bbox 1779 3021 1902 3100; x_wconf 87' lang='lat' dir='ltr'><strong>Octob,</strong></span> <span class='ocrx_word' id='word_1_237' title='bbox 1938 3043 2034 3108; x_wconf 87' lang='lat' dir='ltr'><strong>quern</strong></span> <span class='ocrx_word' id='word_1_238' title='bbox 2061 3044 2160 3110; x_wconf 86' lang='lat' dir='ltr'><strong>quum</strong></span> <span class='ocrx_word' id='word_1_239' title='bbox 2182 3025 2295 3095; x_wconf 89' lang='lat' dir='ltr'><strong>Cicero</strong></span> <span class='ocrx_word' id='word_1_240' title='bbox 2315 3026 2372 3094; x_wconf 91' lang='lat' dir='ltr'><strong>be·</strong></span> 
     </span>
     <span class='ocr_line' id='line_1_21' title="bbox 727 3140 2372 3228; baseline -0.001 -15"><span class='ocrx_word' id='word_1_241' title='bbox 727 3157 870 3221; x_wconf 64' lang='lat' dir='ltr'><strong>manum</strong></span> <span class='ocrx_word' id='word_1_242' title='bbox 885 3145 978 3222; x_wconf 86' lang='lat' dir='ltr'><strong>dicat,</strong></span> <span class='ocrx_word' id='word_1_243' title='bbox 1000 3143 1154 3226; x_wconf 87' lang='lat' dir='ltr'><strong>sequitur,</strong></span> <span class='ocrx_word' id='word_1_244' title='bbox 1174 3146 1212 3208; x_wconf 92' lang='lat' dir='ltr'><strong>ut</strong></span> <span class='ocrx_word' id='word_1_245' title='bbox 1232 3141 1410 3206; x_wconf 88' lang='lat' dir='ltr'><strong>orationem</strong></span> <span class='ocrx_word' id='word_1_246' title='bbox 1431 3140 1512 3206; x_wconf 89' lang='lat' dir='ltr'><strong>bunc</strong></span> <span class='ocrx_word' id='word_1_247' title='bbox 1533 3141 1575 3208; x_wconf 91' lang='lat' dir='ltr'><strong>ita</strong></span> <span class='ocrx_word' id='word_1_248' title='bbox 1598 3141 1777 3220; x_wconf 87' lang='lat' dir='ltr'><strong>instituerit,</strong></span> <span class='ocrx_word' id='word_1_249' title='bbox 1798 3147 1836 3208; x_wconf 86' lang='lat' dir='ltr'><strong>ut</strong></span> <span class='ocrx_word' id='word_1_250' title='bbox 1856 3161 1926 3208; x_wconf 90' lang='lat' dir='ltr'><strong>eam</strong></span> <span class='ocrx_word' id='word_1_251' title='bbox 1946 3162 2043 3228; x_wconf 90' lang='lat' dir='ltr'><strong>snpra</strong></span> <span class='ocrx_word' id='word_1_252' title='bbox 2063 3145 2149 3212; x_wconf 89' lang='lat' dir='ltr'><strong>dicto</strong></span> <span class='ocrx_word' id='word_1_253' title='bbox 2169 3145 2221 3212; x_wconf 91' lang='lat' dir='ltr'><strong>die</strong></span> <span class='ocrx_word' id='word_1_254' title='bbox 2233 3145 2372 3214; x_wconf 84' lang='lat' dir='ltr'><strong>habitam</strong></span> 
     </span>
     <span class='ocr_line' id='line_1_22' title="bbox 728 3259 2372 3347; baseline -0.002 -10"><span class='ocrx_word' id='word_1_255' title='bbox 728 3287 800 3338; x_wconf 88' lang='lat' dir='ltr'><strong>esse</strong></span> <span class='ocrx_word' id='word_1_256' title='bbox 820 3263 951 3334; x_wconf 81' lang='lat' dir='ltr'><strong>tinxerit</strong></span> <span class='ocrx_word' id='word_1_257' title='bbox 1023 3260 1213 3328; x_wconf 87' lang='lat' dir='ltr'><strong>Ciceronem</strong></span> <span class='ocrx_word' id='word_1_258' title='bbox 1234 3259 1317 3324; x_wconf 90' lang='lat' dir='ltr'><strong>banc</strong></span> <span class='ocrx_word' id='word_1_259' title='bbox 1340 3260 1516 3326; x_wconf 87' lang='lat' dir='ltr'><strong>orationem</strong></span> <span class='ocrx_word' id='word_1_260' title='bbox 1536 3261 1642 3327; x_wconf 80' lang='lat' dir='ltr'><strong>Attico</strong></span> <span class='ocrx_word' id='word_1_261' title='bbox 1671 3260 1837 3345; x_wconf 77' lang='lat' dir='ltr'><strong>legendam</strong></span> <span class='ocrx_word' id='word_1_262' title='bbox 1865 3263 2008 3340; x_wconf 87' lang='lat' dir='ltr'><strong>dedisse,</strong></span> <span class='ocrx_word' id='word_1_263' title='bbox 2042 3280 2085 3329; x_wconf 87' lang='lat' dir='ltr'><strong>ex</strong></span> <span class='ocrx_word' id='word_1_264' title='bbox 2104 3265 2196 3347; x_wconf 82' lang='lat' dir='ltr'><strong>epist.</strong></span> <span class='ocrx_word' id='word_1_265' title='bbox 2217 3265 2257 3332; x_wconf 93' lang='lat' dir='ltr'><strong>ad</strong></span> <span class='ocrx_word' id='word_1_266' title='bbox 2277 3266 2372 3333; x_wconf 77' lang='lat' dir='ltr'><strong>scio.</strong></span> 
     </span>
     <span class='ocr_line' id='line_1_23' title="bbox 728 3378 2372 3482; baseline -0.003 -25"><span class='ocrx_word' id='word_1_267' title='bbox 728 3390 779 3471; x_wconf 83' lang='lat' dir='ltr'><strong>lb,</strong></span> <span class='ocrx_word' id='word_1_268' title='bbox 801 3386 842 3454; x_wconf 84' lang='grc'><strong>13</strong></span> <span class='ocrx_word' id='word_1_269' title='bbox 862 3381 1064 3482; x_wconf 67' lang='lat' dir='ltr'><strong>intelligitur:</strong></span> <span class='ocrx_word' id='word_1_270' title='bbox 1101 3379 1206 3463; x_wconf 85' lang='lat' dir='ltr'><strong>„ilaec</strong></span> <span class='ocrx_word' id='word_1_271' title='bbox 1227 3397 1326 3463; x_wconf 79' lang='lat' dir='ltr'><strong>quum</strong></span> <span class='ocrx_word' id='word_1_272' title='bbox 1348 3379 1537 3456; x_wconf 85' lang='lat' dir='ltr'><strong>scriberem,</strong></span> <span class='ocrx_word' id='word_1_273' title='bbox 1564 3383 1702 3457; x_wconf 72' lang='lat' dir='ltr'><strong>munim,</strong></span> <span class='ocrx_word' id='word_1_274' title='bbox 1731 3378 1818 3464; x_wconf 80' lang='lat' dir='ltr'><strong>qnod</strong></span> <span class='ocrx_word' id='word_1_275' title='bbox 1840 3379 2058 3447; x_wconf 76' lang='lat' dir='ltr'><strong>existimabam</strong></span> <span class='ocrx_word' id='word_1_276' title='bbox 2079 3383 2120 3448; x_wconf 91' lang='lat' dir='ltr'><strong>ad</strong></span> <span class='ocrx_word' id='word_1_277' title='bbox 2140 3388 2174 3450; x_wconf 89' lang='lat' dir='ltr'><strong>te</strong></span> <span class='ocrx_word' id='word_1_278' title='bbox 2194 3385 2372 3452; x_wconf 86' lang='lat' dir='ltr'><strong>orationem</strong></span> 
     </span>
     <span class='ocr_line' id='line_1_24' title="bbox 729 3493 2372 3594; baseline 0 -23"><span class='ocrx_word' id='word_1_279' title='bbox 729 3525 821 3594; x_wconf 75' lang='lat' dir='ltr'><strong>,esse</strong></span> <span class='ocrx_word' id='word_1_280' title='bbox 841 3496 1013 3588; x_wconf 80' lang='lat' dir='ltr'><strong>perlatam¹‘</strong></span> <span class='ocrx_word' id='word_1_281' title='bbox 1037 3495 1327 3580; x_wconf 68' lang='lat' dir='ltr'><strong>compactitio.</strong></span> <span class='ocrx_word' id='word_1_282' title='bbox 1349 3495 1400 3573; x_wconf 87' lang='lat' dir='ltr'><strong>ld,</strong></span> <span class='ocrx_word' id='word_1_283' title='bbox 1424 3497 1472 3560; x_wconf 90' lang='lat' dir='ltr'><strong>il.</strong></span> <span class='ocrx_word' id='word_1_284' title='bbox 1515 3493 1628 3563; x_wconf 87' lang='lat' dir='ltr'><strong>Cicero</strong></span> <span class='ocrx_word' id='word_1_285' title='bbox 1648 3497 1682 3562; x_wconf 94' lang='lat' dir='ltr'><strong>in</strong></span> <span class='ocrx_word' id='word_1_286' title='bbox 1704 3496 1938 3577; x_wconf 85' lang='lat' dir='ltr'><strong>honoratione,</strong></span> <span class='ocrx_word' id='word_1_287' title='bbox 1960 3500 2105 3583; x_wconf 81' lang='lat' dir='ltr'><strong>in-cujns</strong></span> <span class='ocrx_word' id='word_1_288' title='bbox 2127 3503 2372 3571; x_wconf 68' lang='lat' dir='ltr'><strong>moruoaato</strong></span> 
     </span>
     <span class='ocr_line' id='line_1_25' title="bbox 725 3615 2369 3706; baseline -0.002 -13"><span class='ocrx_word' id='word_1_289' title='bbox 725 3629 817 3697; x_wconf 88' lang='lat' dir='ltr'><strong>nium</strong></span> <span class='ocrx_word' id='word_1_290' title='bbox 837 3641 911 3690; x_wconf 91' lang='lat' dir='ltr'><strong>cum</strong></span> <span class='ocrx_word' id='word_1_291' title='bbox 933 3618 1066 3686; x_wconf 82' lang='lat' dir='ltr'><strong>Catilina</strong></span> <span class='ocrx_word' id='word_1_292' title='bbox 1087 3620 1121 3682; x_wconf 90' lang='lat' dir='ltr'><strong>et</strong></span> <span class='ocrx_word' id='word_1_293' title='bbox 1140 3615 1252 3684; x_wconf 91' lang='lat' dir='ltr'><strong>Clodio</strong></span> <span class='ocrx_word' id='word_1_294' title='bbox 1274 3619 1452 3699; x_wconf 89' lang='lat' dir='ltr'><strong>comparat,</strong></span> <span class='ocrx_word' id='word_1_295' title='bbox 1488 3616 1594 3682; x_wconf 90' lang='lat' dir='ltr'><strong>omnia</strong></span> <span class='ocrx_word' id='word_1_296' title='bbox 1622 3616 1682 3682; x_wconf 90' lang='lat' dir='ltr'><strong>sibi</strong></span> <span class='ocrx_word' id='word_1_297' title='bbox 1710 3617 1749 3681; x_wconf 91' lang='lat' dir='ltr'><strong>ab</strong></span> <span class='ocrx_word' id='word_1_298' title='bbox 1770 3618 1910 3684; x_wconf 76' lang='lat' dir='ltr'><strong>Antonin</strong></span> <span class='ocrx_word' id='word_1_299' title='bbox 1939 3619 2062 3706; x_wconf 87' lang='lat' dir='ltr'><strong>objecta</strong></span> <span class='ocrx_word' id='word_1_300' title='bbox 2091 3621 2222 3687; x_wconf 91' lang='lat' dir='ltr'><strong>crimina</strong></span> <span class='ocrx_word' id='word_1_301' title='bbox 2243 3621 2369 3701; x_wconf 76' lang='lat' dir='ltr'><strong>refutat,</strong></span> 
     </span>
     <span class='ocr_line' id='line_1_26' title="bbox 727 3731 2370 3823; baseline -0.003 -10"><span class='ocrx_word' id='word_1_302' title='bbox 727 3747 763 3814; x_wconf 94' lang='lat' dir='ltr'><strong>in</strong></span> <span class='ocrx_word' id='word_1_303' title='bbox 783 3742 1010 3811; x_wconf 78' lang='lat' dir='ltr'><strong>altercantem</strong></span> <span class='ocrx_word' id='word_1_304' title='bbox 1029 3738 1118 3820; x_wconf 86' lang='lat' dir='ltr'><strong>parte</strong></span> <span class='ocrx_word' id='word_1_305' title='bbox 1140 3734 1236 3822; x_wconf 67' lang='lat' dir='ltr'><strong>ritum</strong></span> <span class='ocrx_word' id='word_1_306' title='bbox 1256 3732 1351 3818; x_wconf 81' lang='lat' dir='ltr'><strong>hujus</strong></span> <span class='ocrx_word' id='word_1_307' title='bbox 1372 3731 1509 3798; x_wconf 89' lang='lat' dir='ltr'><strong>bominis</strong></span> <span class='ocrx_word' id='word_1_308' title='bbox 1531 3750 1550 3798; x_wconf 92' lang='lat' dir='ltr'><strong>a</strong></span> <span class='ocrx_word' id='word_1_309' title='bbox 1570 3733 1707 3818; x_wconf 84' lang='lat' dir='ltr'><strong>pueritia</strong></span> <span class='ocrx_word' id='word_1_310' title='bbox 1735 3751 1870 3801; x_wconf 89' lang='lat' dir='ltr'><strong>exorsus</strong></span> <span class='ocrx_word' id='word_1_311' title='bbox 1896 3736 2101 3806; x_wconf 87' lang='lat' dir='ltr'><strong>acerbissime</strong></span> <span class='ocrx_word' id='word_1_312' title='bbox 2129 3739 2271 3823; x_wconf 73' lang='lat' dir='ltr'><strong>castigat</strong></span> <span class='ocrx_word' id='word_1_313' title='bbox 2332 3741 2370 3808; x_wconf 94' lang='lat' dir='ltr'><strong>ln</strong></span> 
     </span>
     <span class='ocr_line' id='line_1_27' title="bbox 728 3849 2369 3937; baseline -0.004 -7"><span class='ocrx_word' id='word_1_314' title='bbox 728 3860 933 3934; x_wconf 88' lang='lat' dir='ltr'><strong>conclusione</strong></span> <span class='ocrx_word' id='word_1_315' title='bbox 959 3854 1134 3924; x_wconf 81' lang='lat' dir='ltr'><strong>nutomma</strong></span> <span class='ocrx_word' id='word_1_316' title='bbox 1161 3849 1274 3918; x_wconf 86' lang='lat' dir='ltr'><strong>Cicero</strong></span> <span class='ocrx_word' id='word_1_317' title='bbox 1304 3851 1381 3918; x_wconf 89' lang='lat' dir='ltr'><strong>dicit</strong></span> <span class='ocrx_word' id='word_1_318' title='bbox 1413 3853 1536 3916; x_wconf 91' lang='lat' dir='ltr'><strong>tantum</strong></span> <span class='ocrx_word' id='word_1_319' title='bbox 1565 3852 1745 3919; x_wconf 75' lang='lat' dir='ltr'><strong>dammandi</strong></span> <span class='ocrx_word' id='word_1_320' title='bbox 1774 3854 1944 3937; x_wconf 89' lang='lat' dir='ltr'><strong>cupiditate</strong></span> <span class='ocrx_word' id='word_1_321' title='bbox 1980 3873 2053 3922; x_wconf 92' lang='lat' dir='ltr'><strong>cum</strong></span> <span class='ocrx_word' id='word_1_322' title='bbox 2074 3855 2211 3924; x_wconf 85' lang='lat' dir='ltr'><strong>Caesare</strong></span> <span class='ocrx_word' id='word_1_323' title='bbox 2232 3857 2369 3925; x_wconf 76' lang='lat' dir='ltr'><strong>conferri</strong></span> 
     </span>
     <span class='ocr_line' id='line_1_28' title="bbox 725 3961 2484 4070; baseline -0.001 -24"><span class='ocrx_word' id='word_1_324' title='bbox 725 3999 834 4070; x_wconf 87' lang='lat' dir='ltr'><strong>posse,</strong></span> <span class='ocrx_word' id='word_1_325' title='bbox 855 3976 969 4043; x_wconf 85' lang='lat' dir='ltr'><strong>ceteris</strong></span> <span class='ocrx_word' id='word_1_326' title='bbox 989 3991 1065 4040; x_wconf 79' lang='lat' dir='ltr'><strong>vcro</strong></span> <span class='ocrx_word' id='word_1_327' title='bbox 1085 3961 1289 4038; x_wconf 75' lang='lat' dir='ltr'><strong>recusando</strong></span> <span class='ocrx_word' id='word_1_328' title='bbox 1311 3969 1409 4035; x_wconf 91' lang='lat' dir='ltr'><strong>modo</strong></span> <span class='ocrx_word' id='word_1_329' title='bbox 1430 3985 1501 4034; x_wconf 90' lang='lat' dir='ltr'><strong>esse</strong></span> <span class='ocrx_word' id='word_1_330' title='bbox 1523 3967 1784 4052; x_wconf 87' lang='lat' dir='ltr'><strong>comparandum,</strong></span> <span class='ocrx_word' id='word_1_331' title='bbox 1806 3989 1961 4056; x_wconf 90' lang='lat' dir='ltr'><strong>eumque,</strong></span> <span class='ocrx_word' id='word_1_332' title='bbox 1982 3975 2020 4036; x_wconf 92' lang='lat' dir='ltr'><strong>ut</strong></span> <span class='ocrx_word' id='word_1_333' title='bbox 2039 3989 2113 4038; x_wconf 93' lang='lat' dir='ltr'><strong>cum</strong></span> <span class='ocrx_word' id='word_1_334' title='bbox 2132 3991 2170 4040; x_wconf 91' lang='lat' dir='ltr'><strong>re</strong></span> <span class='ocrx_word' id='word_1_335' title='bbox 2189 3973 2316 4057; x_wconf 90' lang='lat' dir='ltr'><strong>publica</strong></span> <span class='ocrx_word' id='word_1_336' title='bbox 2335 3975 2370 4045; x_wconf 90' lang='lat' dir='ltr'><strong>in</strong></span> <span class='ocrx_word' id='word_1_337' title='bbox 2483 4009 2484 4022; x_wconf 41' lang='lat' dir='ltr'><strong>r</strong></span> 
     </span>
     <span class='ocr_line' id='line_1_29' title="bbox 728 4087 2371 4189; baseline -0.007 -20"><span class='ocrx_word' id='word_1_338' title='bbox 728 4103 860 4189; x_wconf 65' lang='lat' dir='ltr'><strong>mutiam</strong></span> <span class='ocrx_word' id='word_1_339' title='bbox 879 4093 991 4160; x_wconf 85' lang='lat' dir='ltr'><strong>redeat</strong></span> <span class='ocrx_word' id='word_1_340' title='bbox 1010 4091 1202 4166; x_wconf 82' lang='lat' dir='ltr'><strong>adhortatur,</strong></span> <span class='ocrx_word' id='word_1_341' title='bbox 1224 4087 1310 4152; x_wconf 87' lang='lat' dir='ltr'><strong>illam</strong></span> <span class='ocrx_word' id='word_1_342' title='bbox 1331 4087 1434 4165; x_wconf 82' lang='lat' dir='ltr'><strong>emm,</strong></span> <span class='ocrx_word' id='word_1_343' title='bbox 1462 4105 1544 4170; x_wconf 85' lang='lat' dir='ltr'><strong>quae</strong></span> <span class='ocrx_word' id='word_1_344' title='bbox 1566 4087 1734 4157; x_wconf 87' lang='lat' dir='ltr'><strong>Caesarem</strong></span> <span class='ocrx_word' id='word_1_345' title='bbox 1753 4095 1921 4174; x_wconf 68' lang='lat' dir='ltr'><strong>mannum</strong></span> <span class='ocrx_word' id='word_1_346' title='bbox 1942 4088 2098 4154; x_wconf 83' lang='lat' dir='ltr'><strong>beneflcio</strong></span> <span class='ocrx_word' id='word_1_347' title='bbox 2119 4095 2259 4174; x_wconf 65' lang='lat' dir='ltr'><strong>manum,</strong></span> <span class='ocrx_word' id='word_1_348' title='bbox 2287 4093 2371 4162; x_wconf 84' lang='lat' dir='ltr'><strong>lama</strong></span> 
     </span>
     <span class='ocr_line' id='line_1_30' title="bbox 728 4204 2368 4306; baseline -0.005 -23"><span class='ocrx_word' id='word_1_349' title='bbox 728 4220 901 4306; x_wconf 75' lang='lat' dir='ltr'><strong>gloriosum</strong></span> <span class='ocrx_word' id='word_1_350' title='bbox 922 4209 1083 4286; x_wconf 88' lang='lat' dir='ltr'><strong>occiderit,</strong></span> <span class='ocrx_word' id='word_1_351' title='bbox 1105 4225 1181 4272; x_wconf 93' lang='lat' dir='ltr'><strong>eum</strong></span> <span class='ocrx_word' id='word_1_352' title='bbox 1202 4204 1336 4270; x_wconf 91' lang='lat' dir='ltr'><strong>laturam</strong></span> <span class='ocrx_word' id='word_1_353' title='bbox 1356 4223 1422 4302; x_wconf 87' lang='lat' dir='ltr'><strong>nou</strong></span> <span class='ocrx_word' id='word_1_354' title='bbox 1444 4221 1524 4272; x_wconf 89' lang='lat' dir='ltr'><strong>esse.</strong></span> <span class='ocrx_word' id='word_1_355' title='bbox 1570 4207 1734 4290; x_wconf 72' lang='lat' dir='ltr'><strong>„Deieudi</strong></span> <span class='ocrx_word' id='word_1_356' title='bbox 1755 4209 1876 4291; x_wconf 79' lang='lat' dir='ltr'><strong>pergit,</strong></span> <span class='ocrx_word' id='word_1_357' title='bbox 1904 4207 2152 4290; x_wconf 88' lang='lat' dir='ltr'><strong>rempublicam</strong></span> <span class='ocrx_word' id='word_1_358' title='bbox 2173 4209 2368 4290; x_wconf 89' lang='lat' dir='ltr'><strong>adolescens,</strong></span> 
     </span>
     <span class='ocr_line' id='line_1_31' title="bbox 726 4321 2369 4407; baseline -0.009 -2"><span class='ocrx_word' id='word_1_359' title='bbox 726 4357 794 4406; x_wconf 87' lang='lat' dir='ltr'><strong>non</strong></span> <span class='ocrx_word' id='word_1_360' title='bbox 814 4337 959 4400; x_wconf 89' lang='lat' dir='ltr'><strong>deseram</strong></span> <span class='ocrx_word' id='word_1_361' title='bbox 980 4344 1080 4392; x_wconf 85' lang='lat' dir='ltr'><strong>senex</strong></span> <span class='ocrx_word' id='word_1_362' title='bbox 1086 4345 1095 4399; x_wconf 88' lang='lat'>;</span> <span class='ocrx_word' id='word_1_363' title='bbox 1137 4323 1315 4406; x_wconf 86' lang='lat' dir='ltr'><strong>contempsi</strong></span> <span class='ocrx_word' id='word_1_364' title='bbox 1336 4321 1489 4390; x_wconf 82' lang='lat' dir='ltr'><strong>Catilinae</strong></span> <span class='ocrx_word' id='word_1_365' title='bbox 1510 4321 1647 4407; x_wconf 78' lang='lat' dir='ltr'><strong>gladios,</strong></span> <span class='ocrx_word' id='word_1_366' title='bbox 1682 4343 1749 4390; x_wconf 92' lang='lat' dir='ltr'><strong>nou</strong></span> <span class='ocrx_word' id='word_1_367' title='bbox 1775 4325 1997 4407; x_wconf 88' lang='lat' dir='ltr'><strong>pertimescam</strong></span> <span class='ocrx_word' id='word_1_368' title='bbox 2018 4327 2101 4390; x_wconf 90' lang='lat' dir='ltr'><strong>tuos.</strong></span> <span class='ocrx_word' id='word_1_369' title='bbox 2164 4323 2251 4404; x_wconf 85' lang='lat' dir='ltr'><strong>Quin</strong></span> <span class='ocrx_word' id='word_1_370' title='bbox 2273 4329 2369 4394; x_wconf 88' lang='lat' dir='ltr'><strong>etiam</strong></span> 
     </span>
     <span class='ocr_line' id='line_1_32' title="bbox 729 4441 2368 4537; baseline -0.006 -15"><span class='ocrx_word' id='word_1_371' title='bbox 729 4471 845 4537; x_wconf 88' lang='lat' dir='ltr'><strong>corpus</strong></span> <span class='ocrx_word' id='word_1_372' title='bbox 858 4452 994 4516; x_wconf 90' lang='lat' dir='ltr'><strong>libenter</strong></span> <span class='ocrx_word' id='word_1_373' title='bbox 1015 4443 1194 4520; x_wconf 91' lang='lat' dir='ltr'><strong>obtulerim,</strong></span> <span class='ocrx_word' id='word_1_374' title='bbox 1213 4443 1242 4507; x_wconf 89' lang='lat' dir='ltr'><strong>si</strong></span> <span class='ocrx_word' id='word_1_375' title='bbox 1263 4444 1494 4525; x_wconf 85' lang='lat' dir='ltr'><strong>repraesentari</strong></span> <span class='ocrx_word' id='word_1_376' title='bbox 1516 4448 1618 4510; x_wconf 86' lang='lat' dir='ltr'><strong>morte</strong></span> <span class='ocrx_word' id='word_1_377' title='bbox 1639 4462 1710 4522; x_wconf 71' lang='lat' dir='ltr'><strong>mea</strong></span> <span class='ocrx_word' id='word_1_378' title='bbox 1723 4442 1851 4509; x_wconf 86' lang='lat' dir='ltr'><strong>libertas</strong></span> <span class='ocrx_word' id='word_1_379' title='bbox 1866 4441 1996 4508; x_wconf 81' lang='lat' dir='ltr'><strong>civitatis</strong></span> <span class='ocrx_word' id='word_1_380' title='bbox 2008 4447 2124 4526; x_wconf 89' lang='lat' dir='ltr'><strong>potest,</strong></span> <span class='ocrx_word' id='word_1_381' title='bbox 2146 4445 2368 4530; x_wconf 86' lang='lat' dir='ltr'><strong>utaliquando</strong></span> 
     </span>
     <span class='ocr_line' id='line_1_33' title="bbox 729 4559 2366 4653; baseline -0.005 -14"><span class='ocrx_word' id='word_1_382' title='bbox 729 4573 822 4641; x_wconf 89' lang='lat' dir='ltr'><strong>dolor</strong></span> <span class='ocrx_word' id='word_1_383' title='bbox 841 4567 949 4653; x_wconf 91' lang='lat' dir='ltr'><strong>populi</strong></span> <span class='ocrx_word' id='word_1_384' title='bbox 971 4563 1106 4630; x_wconf 80' lang='lat' dir='ltr'><strong>Romani</strong></span> <span class='ocrx_word' id='word_1_385' title='bbox 1126 4562 1237 4644; x_wconf 87' lang='lat' dir='ltr'><strong>pariat,</strong></span> <span class='ocrx_word' id='word_1_386' title='bbox 1260 4560 1430 4644; x_wconf 74' lang='lat' dir='ltr'><strong>quodiam</strong></span> <span class='ocrx_word' id='word_1_387' title='bbox 1451 4561 1506 4626; x_wconf 92' lang='lat' dir='ltr'><strong>diu</strong></span> <span class='ocrx_word' id='word_1_388' title='bbox 1526 4559 1674 4646; x_wconf 88' lang='lat' dir='ltr'><strong>parturiti</strong></span> <span class='ocrx_word' id='word_1_389' title='bbox 1696 4561 1823 4630; x_wconf 86' lang='lat' dir='ltr'><strong>Etenim</strong></span> <span class='ocrx_word' id='word_1_390' title='bbox 1844 4559 1871 4625; x_wconf 92' lang='lat' dir='ltr'><strong>si</strong></span> <span class='ocrx_word' id='word_1_391' title='bbox 1892 4559 2006 4626; x_wconf 86' lang='lat' dir='ltr'><strong>abhinc</strong></span> <span class='ocrx_word' id='word_1_392' title='bbox 2019 4567 2125 4628; x_wconf 77' lang='lat' dir='ltr'><strong>&#39;anuos</strong></span> <span class='ocrx_word' id='word_1_393' title='bbox 2146 4578 2246 4646; x_wconf 87' lang='lat' dir='ltr'><strong>prope</strong></span> <span class='ocrx_word' id='word_1_394' title='bbox 2259 4563 2366 4647; x_wconf 75' lang='lat' dir='ltr'><strong>ugind</strong></span> 
     </span>
     <span class='ocr_line' id='line_1_34' title="bbox 729 4678 2367 4771; baseline -0.007 -12"><span class='ocrx_word' id='word_1_395' title='bbox 729 4694 791 4759; x_wconf 91' lang='lat' dir='ltr'><strong>boc</strong></span> <span class='ocrx_word' id='word_1_396' title='bbox 812 4691 881 4771; x_wconf 89' lang='lat' dir='ltr'><strong>ipso</strong></span> <span class='ocrx_word' id='word_1_397' title='bbox 903 4682 1076 4765; x_wconf 89' lang='lat' dir='ltr'><strong>intemplo</strong></span> <span class='ocrx_word' id='word_1_398' title='bbox 1097 4680 1218 4763; x_wconf 79' lang='lat' dir='ltr'><strong>negari,</strong></span> <span class='ocrx_word' id='word_1_399' title='bbox 1240 4697 1336 4762; x_wconf 90' lang='lat' dir='ltr'><strong>posse</strong></span> <span class='ocrx_word' id='word_1_400' title='bbox 1358 4683 1494 4744; x_wconf 91' lang='lat' dir='ltr'><strong>mortem</strong></span> <span class='ocrx_word' id='word_1_401' title='bbox 1516 4681 1717 4746; x_wconf 87' lang='lat' dir='ltr'><strong>immaturam</strong></span> <span class='ocrx_word' id='word_1_402' title='bbox 1739 4697 1809 4744; x_wconf 90' lang='lat' dir='ltr'><strong>esse</strong></span> <span class='ocrx_word' id='word_1_403' title='bbox 1832 4678 2005 4744; x_wconf 75' lang='lat' dir='ltr'><strong>contulari:</strong></span> <span class='ocrx_word' id='word_1_404' title='bbox 2031 4683 2149 4762; x_wconf 86' lang='lat' dir='ltr'><strong>quanto</strong></span> <span class='ocrx_word' id='word_1_405' title='bbox 2162 4679 2267 4745; x_wconf 80' lang='lat' dir='ltr'><strong>resins</strong></span> <span class='ocrx_word' id='word_1_406' title='bbox 2280 4699 2367 4747; x_wconf 89' lang='lat' dir='ltr'><strong>nnnc</strong></span> 
     </span>
     <span class='ocr_line' id='line_1_35' title="bbox 729 4794 2367 4892; baseline -0.007 -16"><span class='ocrx_word' id='word_1_407' title='bbox 729 4808 852 4892; x_wconf 82' lang='lat' dir='ltr'><strong>negabo</strong></span> <span class='ocrx_word' id='word_1_408' title='bbox 874 4799 966 4869; x_wconf 83' lang='lat' dir='ltr'><strong>senii</strong></span> <span class='ocrx_word' id='word_1_409' title='bbox 984 4801 1063 4865; x_wconf 85' lang='lat' dir='ltr'><strong>Mihi</strong></span> <span class='ocrx_word' id='word_1_410' title='bbox 1084 4817 1169 4875; x_wconf 85' lang='lat' dir='ltr'><strong>vero,</strong></span> <span class='ocrx_word' id='word_1_411' title='bbox 1190 4797 1301 4862; x_wconf 89' lang='lat' dir='ltr'><strong>Patres</strong></span> <span class='ocrx_word' id='word_1_412' title='bbox 1323 4799 1509 4881; x_wconf 89' lang='lat' dir='ltr'><strong>conscripti,</strong></span> <span class='ocrx_word' id='word_1_413' title='bbox 1528 4800 1593 4881; x_wconf 79' lang='lat' dir='ltr'><strong>jam</strong></span> <span class='ocrx_word' id='word_1_414' title='bbox 1616 4799 1711 4863; x_wconf 90' lang='lat' dir='ltr'><strong>etiam</strong></span> <span class='ocrx_word' id='word_1_415' title='bbox 1731 4794 1868 4881; x_wconf 89' lang='lat' dir='ltr'><strong>optanda</strong></span> <span class='ocrx_word' id='word_1_416' title='bbox 1887 4813 1973 4867; x_wconf 83' lang='lat' dir='ltr'><strong>nnnrs</strong></span> <span class='ocrx_word' id='word_1_417' title='bbox 1994 4800 2053 4876; x_wconf 90' lang='lat' dir='ltr'><strong>est,</strong></span> <span class='ocrx_word' id='word_1_418' title='bbox 2082 4797 2249 4880; x_wconf 83' lang='lat' dir='ltr'><strong>perfuncto</strong></span> <span class='ocrx_word' id='word_1_419' title='bbox 2269 4798 2367 4865; x_wconf 87' lang='lat' dir='ltr'><strong>rebus</strong></span> 
     </span>
     <span class='ocr_line' id='line_1_36' title="bbox 731 4913 2372 5009; baseline -0.006 -19"><span class='ocrx_word' id='word_1_420' title='bbox 731 4931 779 5005; x_wconf 81' lang='lat' dir='ltr'><strong>lis,</strong></span> <span class='ocrx_word' id='word_1_421' title='bbox 800 4940 878 5009; x_wconf 87' lang='lat' dir='ltr'><strong>quas</strong></span> <span class='ocrx_word' id='word_1_422' title='bbox 899 4920 1031 5003; x_wconf 88' lang='lat' dir='ltr'><strong>adeptus</strong></span> <span class='ocrx_word' id='word_1_423' title='bbox 1052 4935 1133 4993; x_wconf 89' lang='lat' dir='ltr'><strong>sum,</strong></span> <span class='ocrx_word' id='word_1_424' title='bbox 1155 4933 1297 4999; x_wconf 81' lang='lat' dir='ltr'><strong>quasque</strong></span> <span class='ocrx_word' id='word_1_425' title='bbox 1318 4916 1411 5000; x_wconf 77' lang='lat' dir='ltr'><strong>gessi.</strong></span> <span class='ocrx_word' id='word_1_426' title='bbox 1453 4915 1527 4986; x_wconf 88' lang='lat' dir='ltr'><strong>Duc</strong></span> <span class='ocrx_word' id='word_1_427' title='bbox 1549 4916 1644 4984; x_wconf 90' lang='lat' dir='ltr'><strong>modo</strong></span> <span class='ocrx_word' id='word_1_428' title='bbox 1665 4913 1744 4980; x_wconf 84' lang='lat' dir='ltr'><strong>baec</strong></span> <span class='ocrx_word' id='word_1_429' title='bbox 1759 4917 1851 4995; x_wconf 89' lang='lat' dir='ltr'><strong>opto:</strong></span> <span class='ocrx_word' id='word_1_430' title='bbox 1878 4929 1988 4991; x_wconf 90' lang='lat' dir='ltr'><strong>unum,</strong></span> <span class='ocrx_word' id='word_1_431' title='bbox 2009 4915 2046 4980; x_wconf 91' lang='lat' dir='ltr'><strong>ut</strong></span> <span class='ocrx_word' id='word_1_432' title='bbox 2058 4914 2197 4982; x_wconf 82' lang='lat' dir='ltr'><strong>moriens</strong></span> <span class='ocrx_word' id='word_1_433' title='bbox 2216 4914 2372 4999; x_wconf 87' lang='lat' dir='ltr'><strong>populum</strong></span> 
     </span>
    </p>
   </div>
   <div class='ocr_carea' id='block_1_5' title="bbox 0 0 2664 6609">
    <p class='ocr_par' dir='ltr' id='par_1_5' title="bbox 0 0 2664 6609">
     <span class='ocr_line' id='line_1_37' title="bbox 0 0 2664 6609; baseline 0 1"><span class='ocrx_word' id='word_1_434' title='bbox 0 0 2664 6609; x_wconf 95' lang='lat' dir='ltr'><strong> </strong></span> 
     </span>
    </p>
   </div>
  </div>
 </body>
</html>
