5317 6609
976 704 979 708 -
1025 637 1232 774 ,u-

277 889 447 973 praedae
466 887 672 973 dissipatione
690 883 839 954 inimicus
858 881 960 950 victor
978 881 1164 966 redegisset
1218 883 1338 950 Danum
1366 886 1417 950 est
1441 885 1559 968 septies
1581 883 1712 964 millies,
1732 903 1796 975 qua
1815 888 1952 972 pecnnia

279 1007 388 1076 titius
419 1010 517 1094 patria
546 1007 630 1074 bona
657 1007 764 1073 omnia
789 1005 948 1070 redimere
974 1003 1089 1085 potuit
1143 999 1317 1085 Pompeius
1346 1001 1406 1066 fuit
1436 1007 1602 1070 contentus
1622 1021 1685 1070 nec
1704 1004 1812 1086 negari
1832 1009 1951 1088 potest,

279 1123 360 1194 boc
384 1128 486 1194 modo
508 1145 624 1210 pacem
643 1125 741 1191 baisse
762 1127 933 1199 ιιιιιιιιιι,
969 1118 1064 1204 (orat
1083 1118 1221 1202 Philipp.
1243 1119 1298 1200 ll,
1318 1119 1356 1198 d,
1375 1116 1431 1204 5;]
1452 1121 1625 1188 Antonium
1645 1139 1720 1188 vero
1743 1125 1777 1188 et
1796 1121 1951 1206 Lepidum

280 1243 356 1308 albi
382 1244 525 1310 maxima
544 1261 674 1326 parasse
694 1239 871 1307 commoda
913 1236 1037 1314 Cicera
1065 1238 1251 1321 priusquam
1273 1255 1314 1304 ex
1334 1237 1423 1302 ltalia
1445 1239 1536 1316 abiit,
1563 1239 1647 1322 apud
1667 1256 1704 1306 se
1724 1238 1879 1318 nanum
1899 1241 1951 1310 Ci-

162 1347 163 1350 ¹
282 1375 474 1441 ceronam,
503 1362 607 1429 fratris
635 1361 751 1437 tilium,
773 1357 866 1435 vidit,
886 1355 940 1422 bic
961 1356 1047 1422 enim
1065 1355 1207 1438 juvenis,
1228 1357 1284 1439 qui
1303 1355 1380 1422 iulii
1403 1355 1545 1424 Caesaris
1572 1361 1679 1442 partes
1708 1363 1837 1425 secutus
1866 1363 1951 1440 arat,

281 1477 446 1548 Caesare
467 1481 652 1557 interiecto,
678 1478 722 1546 bb
743 1475 874 1545 Antonii
895 1474 1073 1554 familiaris,
1102 1473 1275 1541 dextelln
1308 1473 1384 1553 init,
1406 1470 1459 1558 (ut
1477 1475 1602 1541 Atticus
1622 1475 1731 1544 scribit
1751 1475 1791 1542 ad
1811 1479 1875 1544 stt.
1896 1475 1951 1543 lib.

284 1599 356 1678 1⁴,
373 1596 449 1683 ιιι)
464 1599 522 1664 ιιι
534 1598 639 1664 subito
654 1595 695 1661 ad
706 1595 841 1662 Brutum
855 1594 990 1677 eiusque
1003 1593 1123 1658 amicos
1136 1591 1292 1669 transivit,
1315 1610 1377 1674 qua
1390 1610 1426 1658 re
1440 1597 1532 1676 pater
1545 1591 1683 1672 Quintus
1697 1593 1816 1661 laeana
1829 1594 1951 1662 malu-

283 1715 364 1795 bat,
390 1716 518 1800 scripsit
538 1716 623 1781 enim
644 1713 738 1792 tilius,
766 1730 802 1779 se
824 1711 943 1777 idcirco
964 1710 1005 1775 ad
1025 1710 1160 1776 Brutum
1179 1709 1351 1793 profugere
1373 1710 1527 1790 voluisse,
1550 1711 1646 1794 quod,
1668 1729 1766 1796 quum
1780 1711 1840 1779 sibl
1853 1731 1952 1797 nego·

285 1836 385 1902 tium
408 1835 498 1902 daret
516 1834 691 1912 numnius,
725 1836 763 1898 nt
783 1849 860 1897 eum
880 1830 1068 1905 mentorem
1089 1828 1248 1907 efficeret,
1275 1828 1468 1911 praesidium
1489 1833 1677 1912 occuparat,
1705 1830 1738 1897 id
1757 1836 1950 1908 recusasset:

285 1965 473 2020 recusasse
494 1955 602 2018 antam
623 1968 677 2030 se,
697 1969 740 2017 ne
760 1948 859 2034 patris
880 1937 1021 2015 animum
1040 1947 1236 2028 attenderet,
1264 1964 1307 2012 ex
1327 1963 1367 2011 eo
1389 1945 1479 2012 illurn
1499 1947 1560 2012 sibi
1581 1947 1715 2015 bostem.
1763 1947 1879 2018 Noster
1900 1950 1950 2018 cl-

287 2085 399 2148 oero,
428 2070 483 2154 qui
503 2069 665 2135 lenitatem
686 2065 798 2146 Quinti
817 2065 988 2144 noscebat,
1015 2083 1085 2132 rem
1104 2063 1368 2132 muniendam
1390 2064 1473 2132 illim
1491 2064 1615 2147 iuuenis
1636 2065 1760 2147 habuit,
1790 2071 1828 2134 nt
1853 2087 1949 2150 pecu·

286 2188 391 2258 niam
419 2189 596 2272 acciperet,
623 2186 682 2252 sed
708 2190 747 2251 nt
770 2183 877 2250 dranis
903 2183 1098 2250 voluntatem
1125 2183 1284 2266 expleret,
1304 2198 1380 2248 eum
1415 2182 1544 2266 qudem
1571 2184 1676 2252 Attico
1705 2185 1949 2266 commendarit,

288 2306 426 2374 addidit
446 2311 555 2372 umen
576 2304 659 2370 baec
677 2303 788 2370 rerba:
811 2299 877 2386 ,Q.
898 2301 983 2368 filim
1003 2299 1081 2366 mibi
1100 2300 1287 2384 pollicebar,
1315 2317 1351 2366 se
1373 2297 1536 2366 (ὶιιιιιιιι.
1583 2299 1659 2384 Egit
1678 2306 1785 2368 autem
1807 2307 1841 2368 at
1859 2308 1948 2386 pater

292 2470 312 2507 „
324 2430 365 2491 et
387 2425 489 2503 lilius,
510 2428 548 2490 nt
566 2422 624 2488 tibi
646 2421 854 2505 sponderem:
874 2419 933 2488 sed
952 2420 1006 2498 ita,
1026 2424 1065 2486 ut
1082 2423 1152 2486 ιιιιι
1173 2418 1332 2497 crederes,
1354 2431 1454 2501 qaum
1474 2419 1542 2502 ipse
1564 2435 1745 2502 cognosces.
1784 2419 1867 2486 linio
1889 2439 1949 2505 ego

292 2541 454 2625 ,litteras
476 2542 577 2625 ipsius
598 2539 753 2606 arbitratu
774 2538 866 2605 dabo
904 2535 972 2606 Eae
992 2541 1026 2604 tc
1045 2555 1088 2604 ne
1109 2537 1273 2603 moverint
1307 2536 1374 2603 lias
1395 2536 1507 2618 scripsi
1528 2537 1561 2601 in
1583 2553 1653 2601 eam
1673 2540 1814 2620 partem,
1833 2556 1875 2604 ne
1896 2555 1950 2606 ma

293 2664 455 2743 ,motam
475 2643 615 2742 putares
648 2658 703 2724 liii
723 2658 837 2737 tarint,
857 2662 896 2723 ut
911 2656 1008 2723 ιιιίιι
1028 2672 1083 2734 ea,
1105 2673 1186 2749 quae
1207 2650 1379 2740 promittit!
1401 2671 1569 2720 commune
1591 2654 1676 2718 enim
1690 2653 1849 2738 gaudium
1884 2654 1949 2724 Sed

294 2796 394 2862 ,ego
414 2765 493 2844 nibil
514 2777 587 2842 dico
608 2775 771 2860 amplius!
814 2774 953 2855 Quintus
974 2773 1088 2841 deinde
1109 2772 1217 2856 plures
1239 2773 1306 2839 dies
1327 2789 1402 2836 curn
1417 2770 1571 2838 Cicerone
1593 2771 1667 2850 brit,
1690 2789 1785 2854 (ιιιιιι
1807 2773 1839 2838 in
1861 2775 1947 2842 omni

292 2913 422 2980 genera
443 2896 662 2978 maximopere
684 2893 876 2972 delectabat,
909 2890 957 2960 sic
978 2892 1064 2959 enim
1085 2893 1297 2957 commutabis
1317 2888 1378 2955 tuit
1398 2893 1432 2956 et
1451 2889 1576 2972 scriptis
1597 2889 1742 2954 avunculi
1764 2894 1796 2955 et
1815 2891 1947 2958 assidui·

291 3018 367 3080 tate
380 3007 424 3080 'at
443 3015 639 3119 praeceptis,
674 3013 786 3079 attali
807 3011 913 3078 animo
932 3011 967 3076 in
986 3028 1057 3077 rem
1076 3009 1252 3093 publicam,
1288 3007 1373 3092 quali
1395 3007 1508 3076 dicero
1529 3007 1638 3086 vellet,
1660 3014 1753 3074 esset.
1774 3009 1834 3075 vid.
1855 3012 1946 3094 epist

294 3129 340 3198 ad
362 3133 459 3198 attic.
480 3130 535 3196 lib.
559 3130 615 3209 ld,
634 3129 666 3196 5.
722 3129 835 3196 Cicero
856 3127 1002 3210 tandem,
1037 3146 1151 3212 ιιιιιιιι,
1186 3131 1224 3192 ut
1244 3127 1310 3210 jam
1330 3143 1427 3210 supra
1448 3127 1568 3192 dictum
1589 3131 1653 3206 est,
1687 3128 1795 3210 plures
1816 3147 1946 3198 suarum

293 3247 447 3316 villarum
473 3247 654 3326 lustrasset,
689 3265 763 3312 nam
791 3265 810 3312 e
838 3245 1018 3314 Tusculano
1043 3246 1176 3312 bubum
1202 3245 1364 3330 proiectus
1392 3250 1444 3316 est
1470 3249 1503 3312 et
1530 3246 1564 3311 in
1583 3246 1701 3312 Annali
1729 3247 1850 3330 aliquot
1876 3249 1945 3316 dies

296 3369 517 3433 commoratus
546 3371 653 3432 cetera
674 3383 803 3449 quoque
823 3365 969 3449 praedia,
1002 3365 1155 3449 drpinas,
1182 3363 1403 3446 Formianum,
1429 3361 1641 3430 Puteolanum
1663 3368 1697 3429 et
1715 3362 1946 3449 Pompeianum

297 3484 398 3562 adiit,
427 3485 489 3548 iter
515 3485 549 3550 in
570 3483 737 3551 Graeciam
763 3483 910 3568 parabat,
937 3483 1045 3549 audito
1074 3485 1198 3562 autem,
1234 3482 1376 3566 legiones
1405 3480 1572 3548 adventare
1608 3486 1641 3548 et
1672 3484 1903 3567 navigationem
1924 3505 1945 3554 e

296 3607 399 3690 portu
419 3601 610 3682 Puteolano,
644 3601 743 3670 Nonis
766 3601 897 3682 Quintil.
924 3603 1010 3668 enim
1029 3600 1173 3668 Puteolis
1194 3617 1265 3666 esse
1286 3599 1401 3677 voluit,
1436 3599 1587 3682 quasdam
1608 3598 1944 3685 babere'suspicionea

296 3722 453 3808 periculi,
475 3722 846 3805 monumentaque
868 3739 942 3788 cum
962 3721 1071 3788 (lando
1093 3721 1225 3802 ubisque
1247 3719 1381 3786 classem
1401 3720 1548 3803 parabat,
1577 3720 1663 3785 abire
1687 3722 1944 3800 consuluisses

160 3871 166 3880 ·
297 3842 331 3908 ei
354 3840 416 3907 init
434 3840 680 3924 permolestum,
715 3840 802 3923 quod
820 3858 933 3925 parum
952 3840 1070 3907 Brutus
1090 3855 1262 3922 properare
1283 3837 1462 3916 videbatur,
1491 3838 1546 3920 qui
1566 3837 1656 3904 vnde
1677 3839 1858 3906 morabanrr
1876 3859 1944 3910 non

297 3960 526 4044 tergiversaris,
548 3957 607 4024 sed
628 3962 826 4040 exspectans,
846 3959 874 4024 si
895 3959 951 4041 qrri
972 3957 1054 4025 inste
1075 3975 1177 4022 casus.
1213 3955 1343 4035 cicun,
1372 3974 1470 4039 quum
1487 3956 1553 4039 jorn
1574 3957 1608 4022 in
1629 3975 1668 4023 eo
1691 3964 1792 4037 esset,
1813 3965 1849 4026 ut
1868 3980 1942 4045 pro-

298 4078 509 4158 ncisceratur,
524 4079 586 4144 iter
599 4077 724 4162 ingredi
738 4077 906 4156 dubitavit,
927 4077 985 4142 sed
1005 4077 1044 4142 ab
1058 4076 1168 4142 amicis
1179 4076 1286 4141 Attico
1301 4079 1335 4140 et
1347 4073 1454 4158 Oppio
1473 4079 1637 4156 permotus
1656 4076 1818 4159 proiectus
1832 4083 1882 4147 est
1901 4099 1941 4148 ea

299 4202 426 4276 mente,
446 4201 484 4262 ut
504 4195 652 4264 Calendis
671 4196 829 4262 Ianuariis
850 4194 910 4261 lli
933 4195 1067 4261 adesset.
1082 4190 1187 4277 (epist.
1208 4193 1249 4260 ad
1269 4193 1364 4258 lamil.
1388 4194 1442 4272 il,
1463 4191 1515 4260 29.
1541 4191 1655 4277 Philip.
1677 4200 1754 4260 orat
1778 4197 1941 4292 maid

298 4313 398 4384 actia
417 4313 470 4378 lib.
494 4313 550 4392 lb,
584 4311 630 4396 b.)
669 4311 813 4396 ,Scribis
841 4312 943 4393 enim,
977 4313 1012 4379 in
1039 4312 1165 4379 coelum
1192 4312 1268 4379 terri
1292 4311 1523 4396 protectionem
1549 4331 1670 4394 meam,
1711 4314 1770 4382 sed
1802 4317 1861 4397 its,
1902 4325 1940 4388 ut

302 4435 404 4514 ,ante
426 4429 580 4498 Calendas
601 4431 742 4498 tannarii
763 4429 920 4497 redeam¹¹
971 4428 1082 4497 Cicero
1104 4431 1214 4514 igitur,
1241 4449 1340 4514 quum
1359 4430 1572 4498 Brundusium
1593 4432 1716 4516 iterque
1737 4433 1830 4514 illud,
1852 4440 1939 4520 quod

299 4552 411 4618 tritum
434 4548 466 4613 in
482 4547 647 4616 Graeciam
668 4549 744 4627 brit,
764 4549 938 4628 citavisset,
958 4553 996 4615 ut
1016 4549 1061 4614 ait
1078 4545 1192 4632 Philip.
1215 4547 1303 4627 l,2.
1336 4547 1456 4614 Veliam
1476 4549 1635 4632 pervenit,
1655 4550 1764 4634 ibique
1784 4551 1843 4620 brit
1862 4547 1939 4626 xm

300 4666 615 4749 balantumque
650 4685 752 4746 unum
788 4668 873 4733 diem
906 4666 1062 4744 constitit,
1106 4684 1204 4749 quum
1230 4666 1272 4732 ad
1299 4667 1429 4732 domum
1443 4665 1581 4732 Trebatii
1602 4665 1715 4734 Testae
1743 4667 1936 4741 deserbsaet

301 4785 341 4852 ad
362 4784 458 4850 famil.
479 4783 532 4848 lib.
555 4784 592 4862 l,
613 4783 672 4861 no,
701 4785 739 4850 ad
760 4785 856 4851 attic
876 4785 930 4848 lib.
956 4783 1009 4861 lo,
1038 4782 1078 4868 d.)
1123 4783 1208 4866 ,Ubi
1237 4784 1365 4866 quidem
1387 4784 1431 4850 lui
1453 4802 1528 4850 sane
1549 4783 1685 4850 libenter
1704 4789 1787 4869 apud
1809 4789 1936 4858 Tectam

303 4909 490 4987 ,nonnum
510 4919 572 4968 nec
592 4900 683 4988 potui
704 4902 820 4988 accipi,
842 4902 898 4968 illo
918 4901 1049 4968 maante
1070 4903 1272 4985 praesertim,
1293 4901 1482 4968 liberalius.¹¹
1549 4903 1627 4972 lude
1647 4902 1727 4971 duos
1749 4906 1835 4974 sinus
1855 4905 1934 4976 Paa-
