5317 6609
301 831 466 906 Siciliam
487 837 606 905 iturum
626 851 700 906 esse
717 833 847 921 aaran:
865 833 901 900 et
918 829 1111 900 beneficium
1131 833 1278 917 accipere
1298 831 1333 900 in
1353 833 1559 909 contumelia:
1579 851 1615 918 se
1629 835 1662 902 in
1675 835 1825 920 Achaiam
1840 839 1966 913 itonam.

302 951 498 1037 Postquam
531 956 588 1022 diu
622 973 682 1041 pro
716 973 753 1021 re
788 957 822 1019 et
855 955 1001 1035 tempore
1036 950 1184 1017 collocuti
1218 951 1320 1020 etde
1349 953 1470 1020 amissis
1505 954 1724 1022 occasionibus
1752 960 1855 1038 questi
1883 965 1966 1042 sunt,

302 1071 489 1142 Ciceronis
510 1077 667 1142 sententia
687 1073 823 1157 placuit,
857 1071 1030 1156 praecipue
1052 1086 1151 1152 ιιιιιιιιι
1172 1066 1303 1134 Servilia
1323 1071 1544 1153 polliceretur,
1577 1090 1612 1138 se
1635 1077 1829 1154 cruabuam,
1856 1083 1893 1143 ut
1912 1079 1965 1146 illa

303 1189 474 1259 nomenti
496 1194 618 1260 curatio
638 1195 769 1260 senatus
791 1189 937 1258 consulto
957 1187 1135 1254 tolleretur.
1171 1183 1359 1254 Ciceronem
1380 1190 1458 1256 nibil
1480 1193 1513 1257 in
1533 1191 1588 1259 illo
1610 1193 1724 1278 itinere
1744 1201 1871 1277 praeter
1891 1216 1967 1266 con·

302 1311 488 1378 scientiam
515 1311 699 1390 delectarit,
735 1308 868 1376 offendit
895 1307 981 1373 enim
1007 1323 1139 1390 prorsus
1168 1306 1356 1374 dissolutum
1383 1311 1541 1393 navigium
1562 1310 1611 1376 vel
1639 1314 1745 1394 potins
1772 1313 1964 1398 dissipatum

301 1427 406 1498 Nihil
428 1430 579 1511 coneilio,
599 1429 678 1497 nibil
698 1429 839 1506 ratione,
860 1425 938 1492 nibil
960 1425 1082 1492 ordine.
1130 1423 1312 1510 {tetigitur
1333 1425 1367 1493 in
1389 1425 1554 1494 Graeciam
1574 1428 1697 1513 ingredi
1717 1431 1784 1498 nrlt
1804 1437 1838 1502 et
1857 1437 1966 1506 scribit

302 1565 379 1618 ano
403 1552 528 1618 Attico:
551 1550 686 1635 ,ltaque
708 1548 767 1615 etsi
789 1564 831 1614 ne
852 1550 946 1614 antea
966 1545 1096 1630 quidem
1117 1543 1270 1623 dubitavi,
1291 1548 1399 1611 nmen
1418 1563 1505 1613 nunc
1526 1564 1565 1612 eo
1587 1547 1707 1628 minus,
1729 1551 1853 1620 evolare
1874 1553 1965 1632 binc:

306 1717 328 1753 „
337 1670 444 1756 idque
459 1671 701 1754 quamprimum,
714 1667 771 1732 ubi
785 1663 1077 1749 necPelopidarum
1091 1664 1182 1740 iacta,
1195 1681 1301 1747 neque
1316 1662 1431 1730 famum
1445 1663 1598 1730 audiam.¹¹
1622 1666 1662 1731 ad
1671 1667 1765 1734 autc.
1780 1668 1833 1736 lib.
1848 1672 1898 1753 li,
1915 1673 1965 1742 ll.

427 1787 540 1856 Cicero
560 1791 598 1854 ut
618 1786 741 1864 omnia,
778 1802 861 1869 qnae
881 1783 922 1850 ad
943 1784 1005 1851 iter
1025 1799 1107 1868 opus
1129 1799 1201 1848 essa
1220 1782 1422 1864 uiderentau,
1458 1780 1609 1864 baberet,
1637 1785 1678 1850 ad
1697 1786 1895 1858 Dolabellam
1922 1793 1966 1862 de

306 1903 422 1971 libera
442 1905 601 1989 legatione
622 1905 749 1988 scripsit
768 1901 862 1968 sicuti
883 1900 924 1967 ad
936 1901 1128 1980 Antonium,
1147 1917 1192 1970 nc
1212 1899 1382 1967 iracundus
1403 1899 1500 1967 bomo
1522 1909 1788 1986 commoreretur,
1810 1909 1851 1975 ad
1869 1913 1964 1978 Attio.

305 2019 373 2088 lib.
397 2022 454 2102 ld,
481 2019 513 2090 8.
554 2022 721 2090 Dolabella
742 2039 818 2086 eum
839 2019 899 2086 sibi
920 2019 1051 2104 legavit,
1080 2037 1144 2104 qua
1163 2036 1200 2086 re
1221 2036 1414 2103 magnopere
1435 2017 1627 2102 laetabilia,
1655 2025 1825 2109 quamius
1845 2027 1965 2098 liberae

304 2139 486 2226 legationis
498 2141 586 2210 nulla
600 2141 672 2225 lege
693 2143 781 2208 auset
800 2139 1088 2223 circumscriptum,
1116 2139 1179 2204 iter
1197 2155 1273 2204 vero
1296 2156 1334 2205 ea
1355 2142 1462 2206 mente
1483 2139 1517 2205 in
1538 2137 1704 2209 Graeciam
1724 2143 1883 2230 ingram
1904 2155 1965 2232 esa,

304 2264 351 2326 ut
374 2260 498 2328 Romae
520 2259 648 2326 adesset
668 2256 815 2324 Calendis
834 2255 1010 2336 ianuariis,
1039 2255 1154 2340 qulbus
1174 2256 1296 2324 Hirtius
1318 2259 1352 2322 et
1371 2255 1474 2324 Pansa
1502 2259 1700 2328 consulatum
1728 2269 1819 2330 erant
1845 2265 1964 2347 inituri,

307 2379 349 2448 ιιι
372 2379 424 2445 bis
446 2378 533 2444 enim
554 2376 738 2444 consulibus
758 2376 929 2442 maximam
949 2392 1039 2460 spem
1061 2375 1235 2442 collocarit
1291 2373 1405 2445 Cicero
1427 2377 1604 2443 statuens
1632 2382 1705 2446 ante
1726 2380 1788 2446 iter
1808 2399 1964 2452 convene·

308 2501 396 2565 runt
416 2502 515 2580 atque
536 2496 578 2563 ob
600 2495 718 2562 malum
738 2491 1065 2578 rerumpublicarum
1085 2497 1202 2562 ιιιιιιιιι
1222 2494 1349 2560 tristitia
1369 2494 1506 2560 maxima
1527 2499 1617 2561 eram
1636 2495 1758 2578 allecti,
1778 2499 1822 2564 ita
1835 2504 1963 2570 utatu-

314 2632 381 2682 cus
403 2619 478 2700 post
498 2613 674 2680 discessum
694 2611 840 2678 lacrimas
860 2611 1025 2690 tunderet,
1061 2630 1125 2694 quo
1147 2612 1274 2696 cognito
1295 2610 1409 2678 Cicero
1431 2610 1471 2679 ad
1492 2629 1567 2678 eum
1587 2613 1728 2696 scripsit:
1765 2615 1852 2700 ,Te,
1879 2625 1963 2690 uta

316 2751 403 2818 ,une
426 2731 626 2811 discesseris,
654 2731 853 2810 lacrimasse,
874 2729 1009 2796 moleste
1029 2729 1187 2810 ferebam,
1209 2730 1343 2815 quodsi
1364 2748 1417 2797 me
1438 2733 1606 2814 praesente
1628 2731 1773 2816 fecisses,
1796 2737 1963 2806 consilium

182 2907 188 2916 .
313 2852 445 2938 ,totius
467 2850 590 2918 itineris
611 2850 745 2917 tortasse
765 2853 956 2928 muussem,
982 2847 1041 2914 scd
1061 2847 1140 2915 illud
1159 2849 1340 2933 praeclare,
1368 2849 1455 2934 quod
1474 2853 1508 2915 te
1529 2850 1690 2918 consulatu
1711 2857 1761 2919 est
1779 2859 1853 2937 spes
1875 2857 1961 2925 brevi

177 2993 182 3001 ’
315 2981 495 3062 ,tempore
516 2971 760 3058 congrediendi,
795 2987 878 3056 quae
900 2968 1030 3053 quidem
1057 2970 1253 3056 exspectatio
1280 2987 1334 3038 me
1360 2969 1498 3037 mamme
1519 2973 1690 3048 smenon
1725 2989 1816 3041 meae
1837 2975 1960 3047 litterae

314 3095 400 3180 ,tibi
422 3113 487 3161 non
508 3089 671 3159 deerunt!
694 3089 735 3156 ad
753 3092 818 3156 ast
838 3088 893 3156 lib.
917 3085 970 3170 lt.
990 3086 1043 3158 27.

422 3210 573 3280 Octavius
590 3210 738 3312 interim,
760 3208 832 3294 qui,
854 3213 1007 3294 utsupra
1027 3208 1148 3274 dietum
1169 3208 1236 3288 eat,
1257 3223 1278 3275 ι
1298 3203 1454 3277 cicerone
1474 3208 1559 3276 benc
1580 3213 1649 3277 erat
1669 3216 1838 3298 exceptus,
1859 3233 1959 3301 quum

309 3331 451 3402 llomam
471 3330 626 3408 remsset,
647 3327 687 3410 ab
708 3329 848 3395 latomo
868 3328 1006 3414 superbe
1027 3330 1062 3393 et
1080 3341 1193 3410 aspere
1213 3329 1421 3409 tractabatur,
1444 3329 1487 3396 ita
1507 3332 1558 3408 ut,
1586 3329 1659 3414 quia
1679 3335 1836 3401 Antonius
1857 3339 1959 3404 omni-

311 3451 378 3520 bus
397 3453 466 3537 cius
481 3449 646 3518 conatibus
660 3447 900 3527 adversabatur,
921 3446 962 3512 ad
982 3447 1150 3530 optimates
1170 3446 1219 3513 rel
1240 3447 1281 3513 ad
1301 3447 1495 3532 reipublicae
1517 3449 1651 3526 amicos,
1672 3450 1788 3532 mribus
1802 3455 1959 3524 sommus

311 3575 386 3640 tum
406 3572 523 3638 invisus
544 3573 630 3646 erat,
665 3585 703 3634 se
731 3567 907 3646 conferret,
934 3583 1090 3651 quaeres
1111 3563 1299 3632 Ciceronem
1320 3565 1435 3648 gaudio
1456 3565 1594 3650 quodam
1614 3565 1736 3646 meets,
1757 3574 1896 3637 attamen
1917 3573 1960 3640 de

312 3709 359 3759 eo
380 3687 443 3756 boc
463 3688 526 3757 lert
541 3686 714 3770 iudicium:
744 3683 961 3770 ,Octaviano
982 3686 1020 3749 ut
1038 3684 1205 3767 perspexi,
1232 3685 1309 3749 satis
1329 3684 1465 3768 ingenii,
1493 3685 1568 3752 setis
1590 3685 1702 3762 animi:
1729 3687 1958 3776 aidebatanque

315 3826 420 3894 ,erga
432 3811 559 3872 nostros
573 3804 687 3870 heroas
702 3803 745 3868 lta
760 3802 844 3881 lore,
872 3805 911 3868 ut
930 3819 989 3868 nos
1009 3801 1180 3882 vellemus,
1200 3803 1373 3878 amnentur:
1401 3801 1458 3869 sed
1478 3803 1555 3886 quid
1575 3805 1670 3870 aetati
1692 3805 1885 3874 credendum
1905 3811 1957 3892 sit,
2040 3813 2046 3824 '

315 3925 420 4013 ,qnid
433 3923 571 4000 nomini,
592 3921 670 4006 quaid
684 3918 886 3998 haereditati,
908 3919 985 4002 qnid
1008 3915 1200 4005 κπηχήσιι,
1221 3920 1326 4014 magni
1342 3919 1464 3987 consilli
1485 3924 1544 3986 est
1571 3918 1708 3990 Vitricus
1729 3923 1858 4008 quidem
1878 3926 1956 3994 nillil

315 4043 510 4130 ,censebam
531 4059 629 4126 quem
649 4043 785 4106 Asturae
805 4038 956 4116 vidimus,
977 4037 1034 4105 sed
1054 4041 1162 4106 umen
1183 4036 1315 4104 alendas
1337 4042 1403 4116 est,
1424 4041 1459 4104 et
1476 4040 1515 4103 ut
1534 4037 1620 4130 nibil¹
1633 4037 1735 4119 alind,
1757 4042 1797 4108 ab
1815 4045 1956 4113 sonan

316 4159 567 4248 ,seiungendus
601 4156 772 4226 Marcellus
785 4156 966 4241 praeclare,
987 4157 1013 4221 si
1034 4156 1190 4241 praecipit
1201 4173 1303 4239 puero
1324 4154 1365 4222 de
1379 4157 1512 4232 nostris:
1533 4157 1585 4223 cui
1606 4157 1735 4242 quidem
1755 4159 1957 4239 illodeditus

316 4279 422 4367 ,mibi
434 4277 607 4344 ndebamr.
628 4275 751 4342 Pansae
765 4278 872 4340 antem
886 4278 921 4341 et
932 4273 1036 4341 llirtio
1050 4291 1116 4340 non
1128 4275 1223 4341 nimis
1237 4274 1396 4342 credebat
1423 4274 1512 4343 Bona
1526 4275 1666 4356 indoles,
1686 4269 1751 4342 e’oe's
1768 4275 1954 4371 densatim!

312 4399 358 4467 ad
377 4397 472 4464 Attio.
485 4396 538 4461 lib.
555 4394 610 4474 lb,
635 4393 684 4460 ln.
725 4393 850 4460 Eodem
869 4396 1014 4477 ternpore
1033 4393 1168 4471 Brutus,
1189 4392 1303 4460 absens
1324 4395 1467 4478 praetor,
1488 4411 1610 4460 annuos
1631 4392 1723 4464 ludus
1744 4396 1777 4462 in
1797 4394 1955 4470 bonorem

312 4515 471 4599 Apollinis
498 4515 589 4580 initio
617 4512 737 4578 mensis
758 4510 908 4590 Quintilis
930 4507 1040 4594 (ludii)
1060 4509 1266 4580 celebrandos
1294 4513 1430 4592 curarit,
1464 4511 1505 4579 ad
1532 4531 1613 4596 quos
1640 4513 1745 4596 ipsum
1765 4511 1953 4586 Ciceronem

313 4635 448 4704 invitare
469 4651 534 4698 non
554 4630 734 4707 dubitabat,
763 4629 876 4698 t'icero
896 4648 973 4697 rero
999 4628 1177 4715 rescripsit:
1211 4630 1350 4713 primum
1371 4647 1406 4696 se
1431 4631 1497 4712 jam
1517 4630 1695 4716 proiectum
1716 4647 1804 4714 esse,
1831 4639 1870 4704 ut
1885 4654 1954 4706 nan

313 4756 474 4838 integrum
496 4754 598 4826 esset,
620 4749 696 4814 dein
715 4743 934 4812 denudantes
952 4765 1042 4827 esse,
1062 4767 1115 4826 se,
1136 4751 1191 4834 qui
1211 4747 1346 4816 Romam
1367 4749 1495 4816 omnino
1516 4753 1590 4833 post
1609 4749 1690 4816 haec
1709 4769 1795 4819 arma
1815 4771 1881 4820 non
1901 4771 1953 4822 ac·

315 4870 465 4950 cesserit,
484 4883 591 4952 neque
611 4865 646 4934 id
665 4870 730 4936 tarn
751 4863 885 4950 pericrdi
906 4865 956 4933 sui
978 4885 1074 4934 eausa
1094 4866 1216 4950 lecerit,
1238 4885 1333 4953 ιιιιιιιι
1354 4867 1524 4954 disolutis,
1544 4868 1653 4939 subito
1672 4869 1713 4938 ad
1726 4871 1950 4954 ludoarcnire,
2075 4879 2076 4884 ’
