5317 6609
1144 595 1218 688 19

1080 711 1288 731 -ι-ιιι-

355 862 483 915 causam
503 863 696 932 manmnqne
716 845 939 913 aeurmoraar
960 839 1247 926 complecteretur,
1284 837 1324 906 ad
1345 855 1443 924 quam
1465 839 1680 912 hortationem
1705 841 1835 925 Cicero,
1870 848 1924 930 qui
1946 847 2010 944 lau⁰

355 983 459 1050 usquc
475 967 606 1034 Octavio
628 965 807 1041 dillidebat,
827 959 1008 1047 respondit,
1026 978 1067 1026 se
1088 958 1152 1024 hoc
1164 955 1253 1025 nullo
1273 959 1370 1024 modo
1392 959 1496 1026 iacere
1517 978 1630 1044 posse,
1651 963 1712 1028 nisi
1734 963 1793 1028 sibi
1815 964 2012 1047 exploratum

357 1087 461 1163 essct,
499 1083 669 1152 Octauium
701 1101 768 1151 non
802 1081 898 1147 modo
929 1096 996 1146 non
1024 1077 1188 1142 inimicum
1218 1078 1473 1157 tyrannoctouis,
1508 1097 1619 1146 aarum
1647 1081 1742 1146 etiam
1769 1083 1905 1148 amicum
1933 1079 2010 1151 lore.

358 1199 468 1281 Quum
490 1201 544 1268 iile
567 1199 706 1279 diceret,
742 1200 787 1264 ita
813 1197 972 1262 futurum:
1010 1194 1205 1278 quid'igitur
1226 1192 1430 1274 baduamus,
1466 1194 1578 1262 Cicero
1600 1199 1718 1280 inquit,
1753 1198 1798 1264 illi
1826 1200 1912 1266 enim
1939 1219 2010 1270 mea

358 1336 457 1403 opera
486 1323 560 1385 ante
587 1316 717 1386 Calend.
737 1316 807 1382 lan.
827 1312 906 1380 nihil
929 1328 1010 1394 opus
1039 1314 1097 1376 est
1151 1311 1217 1378 Nos
1238 1315 1346 1378 autem
1368 1313 1437 1396 eius
1458 1314 1652 1382 voluntatem
1673 1321 1746 1382 ante
1767 1317 1842 1383 Idru
1855 1318 2008 1387 Decemb.

355 1436 587 1521 perspiciemus
608 1427 1006 1515 intemperationis.
1027 1427 1083 1506 it,
1106 1425 1165 1514 15.)
1200 1427 1300 1496 Casca
1321 1430 1381 1497 luit
1401 1449 1484 1497 unus
1506 1433 1744 1499 interfectorum
1758 1432 1900 1502 Caesaris
1922 1443 1955 1504 et
1975 1439 2008 1504 in
2054 1501 2056 1508 ,

360 1571 480 1620 annum
501 1556 690 1637 sequentem
709 1549 856 1616 tribunus
877 1545 981 1630 plebis
1001 1539 1218 1626 renuntiatus,
1239 1548 1267 1613 si
1282 1545 1433 1614 Octavius
1454 1549 1550 1633 igitur
1570 1551 1630 1616 laac
1651 1551 1684 1617 in
1704 1568 1740 1616 re
1762 1553 1846 1636 gravi
1859 1551 2008 1622 Ciceroni

357 1673 586 1750 assentiretur,
615 1670 754 1736 indicare
775 1666 956 1742 videbatur,
985 1681 1022 1730 sa
1044 1664 1197 1730 libertatis
1219 1666 1329 1731 amicis
1351 1665 1466 1732 lavere.
1523 1667 1717 1736 Octavianus
1737 1687 1884 1737 assensus
1905 1679 1955 1738 est
1974 1678 2009 1741 et

360 1787 461 1857 Casca
488 1805 604 1854 munus
633 1804 726 1852 mum
756 1785 842 1851 adiit
898 1782 1012 1850 Cicero
1039 1782 1095 1848 tali
1122 1782 1219 1848 modo
1248 1784 1401 1868 deceptus
1430 1784 1545 1851 abhinc
1566 1785 1731 1854 Octauiani
1760 1789 1890 1857 consilia
1918 1783 2005 1863 omui

353 1905 461 1972 studio
484 1904 618 1986 adiuuit,
645 1904 795 1982 laetatus,
823 1919 859 1968 se
878 1917 997 1967 norum
1017 1900 1053 1966 in
1072 1902 1246 1969 Antonium
1268 1900 1394 1969 bostem
1416 1905 1581 1970 excitasse.
1631 1903 1740 1984 Quum
1759 1906 1794 1972 in
1814 1905 1877 1974 hoc
1895 1927 2004 1978 remum

352 2027 439 2089 sata
458 2023 577 2089 tribuni
597 1995 700 2106 plenia
723 2020 910 2098 edixissent,
931 2022 1061 2086 senaim
1082 2019 1208 2086 adesset
1227 2039 1257 2085 a,
1271 2019 1302 2086 d.
1322 2019 1409 2086 xiil
1424 2020 1489 2089 Cal.
1502 2022 1573 2088 lan.
1593 2020 1812 2108 inbueretque
1832 2027 1866 2092 iu
1887 2027 2002 2108 anime,

350 2140 394 2208 de
414 2142 574 2226 praesidio
597 2141 764 2207 consulum
785 2138 1021 2221 designatorum
1043 2134 1154 2220 (Hirtii
1177 2141 1211 2203 et
1229 2135 1369 2224 Pansae)
1390 2138 1528 2219 taleme,
1563 2137 1694 2220 Cicero,
1729 2159 1921 2226 quamquam
1940 2150 2003 2214 sta-

349 2262 458 2325 tuerat
478 2261 513 2326 in
532 2263 680 2326 senatum
701 2262 775 2324 ante
796 2255 862 2324 Cal.
874 2255 944 2321 lam
963 2271 1031 2321 nou
1050 2255 1174 2331 tenire;
1194 2259 1320 2335 umen,
1342 2273 1442 2340 quum
1463 2275 1503 2323 eo
1524 2255 1577 2322 dia
1597 2257 1667 2341 ipso
1690 2257 1829 2325 edictum
1848 2259 1938 2328 Bruti
1960 2263 2000 2330 de

348 2377 518 2445 retinenda
540 2376 642 2445 Gallia
662 2378 696 2443 in
715 2378 883 2459 potestate.
893 2375 1023 2440 temtus
1043 2371 1219 2456 populique
1238 2373 1374 2442 bomani
1395 2377 1595 2459 propositum
1617 2380 1718 2456 esset,
1739 2376 1828 2444 netas
1849 2397 1921 2448 esse
1942 2380 2000 2448 du·

349 2498 414 2578 xit,
448 2501 505 2565 aut
530 2498 575 2564 lta
594 2497 704 2562 haberi
725 2498 888 2573 senatum,
925 2497 964 2558 ut
990 2491 1031 2559 de
1051 2492 1143 2560 Bruti
1171 2493 1284 2559 dunis
1305 2494 1340 2559 iu
1359 2493 1588 2577 rempublicam
1609 2494 1730 2561 merids
1749 2494 1911 2576 sileretur,
1933 2503 1997 2580 aul,

350 2618 474 2685 etiamsi
496 2616 574 2700 quid
594 2617 635 2681 de
657 2633 697 2680 eo
718 2612 895 2680 honorilice
915 2610 1091 2688 diceretur,
1113 2627 1149 2676 se
1162 2628 1229 2677 non
1242 2610 1365 2676 adesse.
1406 2610 1601 2696 ltaquehoc
1620 2612 1673 2677 die
1694 2612 1728 2678 iu
1749 2617 1893 2680 senatum
1911 2618 1998 2684 venit

348 2751 453 2801 mure.
503 2733 601 2814 Quod
621 2751 721 2816 quum
742 2735 829 2799 esset
848 2729 1117 2807 animadversum,
1146 2706 1394 2812 frequentissimi
1416 2735 1580 2796 senatores
1602 2735 1827 2800 conuenemul.
1866 2732 1996 2802 uenae-

347 2840 424 2920 ru'at
438 2835 563 2918 'albuni
583 2852 703 2936 plebis,
737 2854 776 2917 ut
796 2848 936 2939 edicturm
957 2851 1042 2928 erat,
1077 2847 1118 2913 ad
1145 2851 1291 2914 senaarm
1312 2847 1354 2914 de
1380 2849 1540 2932 praesidio
1563 2847 1729 2914 consulruu
1750 2849 1994 2934 designatorum,

347 2977 385 3039 ut
397 2959 529 3038 senatus
543 2970 689 3039 Calendis
703 2969 772 3036 Jan.
785 2973 856 3035 tuto
871 2966 980 3033 baberi
995 2966 1236 3050 sentemiaeque
1256 2966 1298 3032 de
1318 2967 1482 3050 republica
1503 2966 1602 3033 libere
1623 2967 1686 3032 dici
1706 2974 1845 3051 possent.
1881 2969 1994 3040 Cicero

348 3107 438 3155 suam
468 3090 657 3155 seutentiam
684 3092 813 3172 rogatus
842 3088 876 3152 in
896 3089 1009 3152 senatu
1028 3091 1097 3150 tum
1117 3083 1228 3151 habirit
1253 3085 1429 3151 orationem
1449 3083 1820 3168 Philippicamtertinm,
1848 3088 1881 3152 iu
1902 3091 1993 3172 cujus

347 3208 449 3293 prima
470 3210 561 3290 parte
579 3207 730 3288 J'uaenem
745 3205 954 3272 Octavianum
975 3202 1178 3282 collaudavit,
1199 3202 1287 3286 quod
1307 3209 1418 3270 contm
1431 3206 1604 3271 Antonium
1624 3205 1746 3288 priuato
1768 3207 1899 3274 consilio
1920 3227 1993 3292 pro·

345 3324 482 3409 priaque
503 3325 641 3406 pecunia
661 3324 838 3389 meretum
860 3327 1082 3388 ueteranorum
1102 3319 1143 3386 ad
1163 3321 1298 3388 mutem
1317 3323 1512 3407 reipublicae
1534 3326 1778 3408 comparaverit,
1803 3329 1873 3395 lum
1894 3328 1993 3412 legio·

345 3459 405 3510 nes
418 3439 566 3510 Martiam
587 3446 622 3508 et
641 3445 801 3525 quarum,
822 3439 910 3522 quod
922 3438 1061 3505 Antonio
1081 3437 1194 3505 relide
1215 3441 1256 3506 ad
1271 3438 1440 3509 Caesarum
1459 3443 1650 3521 transierint,
1670 3443 1786 3510 mitum
1806 3445 1992 3513 immodum

347 3562 580 3654 excultosque
600 3560 641 3626 ll.
661 3559 752 3627 Bruti
773 3558 815 3624 ob
836 3557 977 3624 edietum
1004 3557 1289 3641 supralaudatum
1315 3561 1500 3644 maritatam
1522 3564 1556 3627 at
1576 3561 1783 3629 constantiam
1812 3561 1990 3646 celebravit,

346 3681 383 3749 iu
402 3681 533 3748 antoni
552 3697 630 3745 vero
651 3677 879 3761 impudentiam
901 3676 1055 3742 acerrime
1076 3675 1251 3753 lavabitur,
1280 3676 1413 3761 eiusque
1440 3678 1581 3744 mndata
1601 3677 1635 3744 in
1655 3675 1822 3746 Octavium
1841 3684 1936 3762 atqua
1958 3683 1992 3750 ln

347 3797 389 3879 Q.
412 3797 601 3866 Ciceronem
621 3814 688 3862 non
708 3794 812 3861 solnm
832 3793 963 3874 refutat,
984 3793 1042 3860 sed
1063 3790 1341 3862 uehementissime
1361 3797 1562 3881 perstringit,
1596 3796 1750 3880 imprimis
1770 3800 1901 3864 Antonii
1923 3820 1996 3868 me'

347 3917 424 3984 dum
453 3914 565 3999 agendi
593 3914 627 3980 in
655 3919 785 3993 senatu,
821 3912 928 3997 msam
955 3913 1103 3978 miseram
1132 3917 1166 3978 et
1190 3916 1324 3996 trupem·
1345 3913 1378 3980 in
1406 3911 1539 3980 Galliam
1566 3914 1736 3998 vituperat,
1771 3913 1909 4000 denique
1936 3919 1991 3982 tri·

346 4036 441 4102 bunis
469 4034 570 4119 plebis
598 4034 713 4117 gratim
742 4033 823 4116 agit,
856 4030 943 4115 quod
970 4035 1115 4098 senatum
1137 4032 1378 4097 convocaverint
1398 4035 1493 4115 atque
1514 4032 1555 4097 de
1575 4031 1733 4114 praesidio
1755 4033 1920 4100 consulum
1940 4053 1990 4100 re·

346 4152 491 4229 tulerim,
526 4169 648 4235 eosque
669 4151 831 4229 hortatum
865 4153 904 4215 nt
923 4150 1010 4215 omni
1031 4149 1136 4216 smalto
1156 4148 1334 4215 libertatem
1355 4148 1525 4216 delendaut
1545 4153 1578 4216 et
1596 4151 1787 4231 Antoniana,
1808 4153 1898 4235 cujus
1919 4171 1990 4224 cru·

331 4269 447 4347 delia,
468 4267 582 4352 iniusta
604 4274 638 4335 et
656 4269 762 4353 turpia
783 4267 923 4336 lacinora
944 4271 1018 4334 ante
1038 4268 1149 4334 oculos
1168 4267 1275 4350 ponit,
1295 4285 1362 4333 uon
1382 4267 1486 4339 solum
1507 4267 1603 4334 armis
1623 4267 1682 4334 sed
1702 4267 1838 4336 decrefis
1856 4281 1988 4354 quoque

330 4391 595 4474 persequantur,
623 4405 724 4471 seque
744 4404 908 4470 uunquam
928 4386 1123 4470 reipublicae
1143 4385 1326 4452 delutruum
1338 4403 1418 4458 esse
1439 4384 1609 4469 pollicetur
1629 4386 1729 4469 atque
1744 4385 1785 4453 da
1805 4386 1920 4467 ilmto,
1946 4390 1988 4470 de

344 4505 461 4590 juvene
483 4502 636 4582 Caesare,
672 4505 713 4570 de
733 4505 837 4571 Hirtio
866 4507 900 4570 et
918 4503 1022 4570 Pansa
1047 4505 1167 4587 optime
1187 4518 1316 4586 sperare
1334 4501 1434 4585 jubet.
1488 4502 1527 4570 lu
1546 4503 1610 4570 lina
1631 4501 1783 4573 orationis
1803 4504 1847 4570 ita
1868 4512 1987 4587 censet,

343 4627 384 4688 at
404 4620 438 4689 C.
459 4621 579 4699 Pansa,
600 4626 638 4687 Α.
659 4621 798 4701 Hirtius,
818 4621 970 4720 consules
990 4622 1161 4706 designati,
1189 4637 1320 4703 operam
1342 4620 1431 4701 dent,
1459 4621 1507 4686 uti
1528 4626 1657 4688 senatus
1678 4620 1806 4690 Caland
1826 4622 1895 4690 lam
1917 4629 1986 4693 tuto

345 4741 456 4810 baberi
477 4742 593 4827 possit,
614 4744 652 4807 ut
670 4743 864 4825 praesidium
885 4743 924 4808 iis
946 4743 1135 4808 decernatur
1155 4743 1189 4805 et
1208 4755 1290 4821 quoe
1306 4736 1496 4805 Octauianus
1516 4739 1637 4822 privato
1659 4737 1791 4807 eomiio
1812 4743 1913 4826 egerit
1933 4748 1989 4809 aut

347 4867 437 4945 agat,
454 4859 581 4947 publica
601 4858 789 4926 auctoritatis
811 4859 1051 4939 waimerum,
1073 4863 1111 4925 ut
1129 4856 1262 4937 militet,
1284 4857 1340 4940 qul
1361 4857 1401 4924 ad
1423 4856 1590 4926 Octauium
1611 4875 1647 4926 tc
1668 4858 1876 4939 mutuarint,
1896 4877 1986 4946 praa·
