5317 6609
1494 629 1566 718 12

709 882 833 945 sunum
855 879 888 944 et
906 875 1122 946 lisbonensem
1148 875 1282 961 pedibus
1310 875 1420 960 aequis
1448 873 1621 940 transmisit
1640 875 1735 958 atque
1755 875 1899 958 persenit
1918 873 2075 944 Viuouem
2095 873 2136 941 od
2157 869 2279 942 siecum
2300 869 2355 941 lx

708 993 838 1064 (laleud.
858 995 951 1072 sert:
991 996 1047 1063 ubi
1074 1001 1238 1082 posterum
1265 995 1351 1062 diem
1372 993 1521 1072 obduxit,
1541 992 1642 1070 uude,
1663 997 1832 1078 postquam
1852 994 1974 1080 Rheqlo
1995 996 2132 1072 abierat,
2153 995 2186 1060 iu
2208 991 2353 1060 siciliam

707 1119 920 1198 trmspressus
941 1113 1088 1184 Calendis
1109 1113 1219 1183 Sextii.
1240 1113 1409 1197 Syracusus
1430 1113 1532 1189 veuit,
1568 1110 1655 1196 quod
1682 1111 1721 1177 alr
1749 1113 1829 1180 urbe
1850 1129 1888 1178 ea
1909 1113 2104 1180 transmissio
2126 1112 2159 1178 lu
2181 1109 2353 1179 Grseciaua

707 1231 909 1311 laudabatur:
949 1251 1032 1319 quae
1050 1239 1159 1302 tamen
1178 1233 1255 1300 urbs
1277 1233 1307 1297 ei
1328 1231 1600 1314 coniunctissima,
1634 1227 1706 1314 plus
1734 1247 1798 1296 uua
1824 1236 1920 1297 uocte
1941 1249 2016 1298 euru
2045 1229 2176 1314 eupieus
2196 1229 2353 1307 retinere,

707 1365 777 1417 uon
793 1351 913 1434 potuit,
955 1369 1056 1437 quum
1079 1357 1188 1419 eutem
1215 1354 1346 1436 postero
1376 1349 1427 1415 die
1448 1347 1534 1414 venti
1561 1365 1637 1414 eum
1664 1365 1706 1414 ex
1725 1347 1832 1415 Sicilia
1853 1349 1893 1416 ad
1914 1349 2162 1434 Leucopetram,
2191 1346 2279 1432 quod
2299 1349 2354 1414 ert

708 1469 961 1550 promontorium
973 1471 1040 1554 egri
1050 1468 1204 1553 linegiui,
1227 1467 1430 1546 detrdisseut,
1452 1465 1491 1531 ab
1512 1483 1553 1531 eo
1574 1467 1647 1532 loco
1668 1467 1866 1547 conscendit,
1887 1473 1925 1534 ut
1944 1468 2173 1534 transmitteret
2195 1469 2229 1531 et
2249 1463 2352 1531 stadis

710 1585 836 1652 circiter
854 1592 997 1656 trecenta
1016 1592 1186 1672 provectus
1205 1587 1344 1670 rejectus
1365 1589 1415 1652 est
1434 1589 1542 1650 austro
1570 1583 1604 1650 iu
1625 1601 1699 1652 eum
1720 1585 1825 1669 ipsum
1846 1585 1969 1665 locum,
1996 1587 2083 1652 uude
2111 1581 2351 1662 conscenderat,

708 1721 873 1789 quumque
900 1705 1090 1788 intempesta
1116 1723 1182 1771 uox
1207 1707 1310 1783 essct,
1352 1704 1581 1786 mansissetque
1609 1703 1643 1770 iu
1669 1704 1741 1771 silla
1768 1702 1804 1770 Ρ.
1831 1703 1950 1772 vulerii
1978 1705 2102 1770 comitis
2129 1701 2351 1770 etfamiliaris

709 1821 777 1907 sui',
796 1825 951 1908 postridie
965 1825 1049 1908 apud
1070 1823 1206 1891 eundem
1227 1828 1357 1891 sentem
1379 1825 1566 1907 exspectaus
1587 1825 1745 1900 maneret,
1767 1821 1944 1906 municipes
1958 1820 2093 1905 lllseqird
2109 1819 2289 1905 complures
2309 1817 2354 1886 ad

711 1957 787 2005 eum
806 1945 964 2008 reumont
982 1933 1121 2009 ilustres
1151 1942 1320 2021 homiues,
1361 1939 1463 2008 Iioma
1483 1959 1560 2009 seue
1581 1943 1746 2018 recentes,
1787 1939 1843 2024 qui
1866 1939 1947 2006 laaeo
1968 1939 2161 2006 uilercbsut:
2209 1937 2354 2008 edictum

707 2055 800 2124 Bruti
835 2059 870 2124 et
902 2057 1018 2133 cassin
1059 2064 1093 2126 et
1125 2060 1196 2128 lore
1229 2059 1432 2144 dequeutem
1465 2063 1612 2126 senatum
1645 2057 1791 2127 Gdeudis
1817 2057 2008 2137 Sextilibus,
2049 2057 2224 2124 Antonium
2256 2073 2356 2140 repu-

710 2173 804 2242 distis
832 2173 924 2242 malis
944 2177 1143 2259 suasoribus,
1184 2177 1326 2244 remissis
1347 2173 1457 2242 Galliis
1477 2177 1664 2259 provinciis,
1699 2176 1740 2242 ad
1760 2175 1981 2244 auctoritntem
2007 2179 2136 2244 senatus
2163 2175 2354 2254 rediturum.

710 2310 730 2360 a
749 2291 850 2361 Bruto
872 2301 905 2363 et
924 2295 1033 2364 (lessio
1052 2296 1175 2364 littores
1193 2295 1305 2362 missas
1327 2293 1367 2360 ud
1381 2291 1564 2360 consuleres
1578 2299 1612 2360 et
1624 2293 1810 2377 praetorios,
1831 2297 1869 2358 ut
1890 2293 2056 2376 adessent,
2088 2311 2212 2378 rogere
2246 2293 2351 2362 iidem

601 2477 605 2484 .
709 2427 866 2480 summam
879 2431 969 2498 spem
982 2414 1177 2492 nuntiabunt,
1198 2413 1278 2492 iore,
1298 2409 1496 2478 simonius
1518 2409 1656 2488 cederet,
1676 2427 1729 2475 res
1751 2411 1943 2490 couseulret,
1965 2411 2110 2480 caesuris
2131 2412 2355 2479 interfectores

709 2528 844 2598 Romam
864 2533 1015 2600 redirent
1067 2532 1236 2599 Addebaut
1255 2530 1367 2608 edum,
1388 2545 1463 2594 eum
1482 2527 1604 2594 Ilourse
1624 2527 1798 2595 desiderari
1818 2532 1854 2596 et
1872 2529 2083 2596 subaccusurl
2138 2527 2231 2610 Quoe
2253 2547 2356 2613 quum

710 2644 825 2717 Cicero
846 2651 1014 2729 audiisset,
1039 2649 1109 2716 siue
1129 2649 1193 2714 ulla
1214 2648 1410 2715 dubitatione
1431 2647 1546 2730 abjecit
1566 2645 1733 2714 eonsilium
1753 2647 1970 2731 protectionis,
1991 2667 2071 2732 qus,
2105 2653 2143 2714 ut
2169 2647 2241 2732 ipse
2265 2647 2353 2726 dicit,

709 2781 753 2835 ue
774 2771 866 2833 uutea
886 2767 1016 2852 quidem
1036 2767 1261 2833 delectabatur.
1315 2767 1438 2834 Atticus
1460 2783 1606 2852 quoque,
1627 2765 1682 2852 qui
1702 2765 1907 2852 protectionis
1928 2783 2043 2832 suasor
2060 2769 2095 2832 et
2114 2764 2270 2850 impsdsor
2287 2783 2354 2834 ucu

563 2973 570 2988 Ι
711 2885 832 2964 dierat,
853 2886 1045 2970 approbator
1064 2889 1151 2952 certe
1172 2885 1290 2965 lueret,
1312 2887 1431 2952 amicus
1452 2891 1490 2952 ut
1508 2885 1643 2965 rediret,
1662 2886 1871 2953 vehementer
1889 2885 2021 2969 rogent
2066 2884 2149 2950 'lum
2169 2901 2246 2951 vero
2266 2888 2352 2950 truta

711 3005 885 3087 eupiditste
905 3005 1052 3070 incensus
1073 3010 1124 3071 est
1143 3005 1184 3071 ad
1203 3005 1352 3084 reditum,
1372 3005 1460 3070 utel
1480 3003 1558 3070 uulli
1579 3021 1686 3087 neque
1706 3004 1787 3069 remi
1807 3021 1914 3087 ueque
1934 3003 2021 3070 reuti
2042 3001 2276 3082 satisfacerent,
2308 3018 2352 3069 ue

710 3123 841 3201 tardius,
862 3139 957 3206 quam
978 3127 1121 3206 cuperet,
1140 3123 1334 3207 reipublicae
1355 3121 1573 3205 mutuaretur.
1612 3121 1724 3206 ltaque
1745 3141 1845 3206 quum
1864 3121 1948 3188 xv1.
1960 3119 2090 3189 Caleud.
2115 3119 2202 3204 Sept,
2229 3119 2353 3188 veliam

559 3264 563 3277 ·
711 3241 859 3320 venisset,
878 3241 1007 3321 Brutus,
1027 3242 1082 3328 qui
1104 3259 1178 3308 oum
1198 3243 1264 3308 suis
1283 3241 1416 3308 naribus
1429 3240 1514 3327 apuu
1531 3239 1677 3306 llalctem
1691 3237 1821 3307 llurium
1842 3240 1919 3306 eitra
1939 3238 2062 3305 llelium
2082 3239 2179 3304 millia
2200 3255 2352 3323 passuum

709 3355 756 3428 lll
777 3364 854 3438 erat,
873 3360 1008 3444 pedibus
1036 3361 1177 3428 adeum
1202 3361 1309 3428 stetim
1335 3359 1430 3428 seuit
1491 3357 1609 3428 Brutus
1636 3358 1742 3428 reditu
1768 3357 1818 3428 rel
1846 3359 1952 3442 potius
1980 3355 2142 3426 ciceronis
2169 3359 2354 3428 reversione

710 3477 801 3546 ratde
814 3477 959 3560 laetatus,
979 3477 1101 3560 eiludit,
1120 3497 1204 3565 quae
1217 3483 1371 3558 tacuerut.
1391 3497 1427 3546 sc
1446 3475 1937 3562 uuuquumejusiterprolresse,
1958 3476 2245 3558 seautemlsetrri,
2267 3473 2356 3562 quod

709 3597 791 3666 dues
817 3600 971 3666 mammas
997 3601 1247 3684 vituperationes
1275 3597 1456 3684 effugisset,
1489 3613 1586 3664 uuam
1614 3597 1843 3681 desperationis
1877 3599 1912 3666 et
1937 3597 2112 3664 relictionis
2146 3595 2355 3682 reipublicae,

709 3715 853 3798 ulmeam,
875 3736 950 3786 eum
969 3719 1143 3786 existimari
1163 3719 1204 3786 ad
1224 3717 1382 3804 Olympio.
1445 3713 1538 3796 Quos
1563 3715 1709 3786 Geleudis
1737 3715 1907 3784 Sextilibus
1935 3715 1970 3784 iu
1997 3721 2111 3784 seudu
2138 3721 2209 3782 actu
2236 3717 2356 3796 esseut,

709 3833 828 3906 Brutus
847 3839 1004 3919 narrabat,
1024 3838 1187 3919 Pisonem,
1213 3837 1357 3906 earum
1377 3853 1536 3916 socerum,
1569 3835 1625 3920 qui
1646 3835 1788 3901 insectus
1809 3838 1878 3901 erut
1897 3835 2041 3902 oratioue
2063 3835 2096 3901 iu
2115 3833 2301 3914 Autouiuru,
2320 3833 2358 3905 iu

711 3957 836 4024 eaelum
855 3955 986 4042 soon
1006 3959 1084 4029 licet
1101 3975 1214 4043 parum
1234 3953 1709 4040 essetudp'utusaseuatorilrus.
1751 3951 1845 4021 lluue
1863 3956 1902 4019 ut
1920 3969 2084 4036 sequerer,
2106 3947 2220 4018 Cicero
2241 3951 2357 4038 iuquit,

709 4075 888 4160 properari,
908 4095 1005 4162 quem
1025 4080 1211 4161 praesentes
1237 4093 1304 4144 nou
1329 4077 1406 4141 suut
1423 4073 1543 4150 secutis
1582 4071 1644 4141 sid.
1665 4071 1753 4151 Phil,
1781 4071 1816 4151 1,
1843 4069 1883 4149 ³,
1917 4071 1948 4136 4.
1974 4069 2015 4135 ad
2033 4069 2129 4136 stuc
2161 4068 2215 4138 lib.
2246 4069 2296 4149 ld,
2323 4069 2355 4136 l.

711 4192 803 4261 Velia
822 4196 919 4281 igitur
937 4191 1054 4279 rouds',
1095 4195 1194 4262 remis
1220 4193 1255 4264 iu
1280 4195 1415 4280 patrium
1440 4191 1527 4261 omui
1555 4190 1755 4257 lestluatioue
1779 4187 1962 4274 properarit
1988 4191 2021 4254 et
2047 4187 2149 4272 pridie
2177 4185 2243 4257 Gal
2264 4185 2353 4274 Sept

711 4305 847 4380 roman
865 4313 966 4392 seuit
986 4311 1183 4398 intelligens,
1210 4330 1264 4393 rs,
1290 4328 1391 4398 qurum
1412 4329 1523 4378 omues
1544 4309 1696 4376 libertatis
1718 4309 1812 4375 amici
1832 4311 1923 4374 metu
1943 4313 2051 4374 esserc
2071 4307 2230 4392 oppressi,
2251 4325 2294 4377 ue
2314 4307 2354 4374 iis

712 4431 783 4497 tuto
803 4431 838 4496 iu
857 4436 1002 4499 senatum
1021 4432 1131 4499 venire
1150 4431 1280 4511 liceret,
1306 4427 1388 4497 nihil
1408 4429 1564 4514 prodesse
1584 4445 1696 4513 posse,
1729 4425 1811 4494 Phil.
1835 4425 1870 4504 i,
1890 4425 1930 4504 ⁴,
1952 4425 2148 4510 ,Properari
2168 4457 2214 4475 -
2230 4443 2298 4496 uou
2317 4429 2356 4494 ut

715 4547 929 4631 ,prolicerem
948 4551 1067 4636 aliquid
1086 4547 1203 4638 (usque
1224 4550 1311 4617 euim
1329 4546 1497 4633 querelem
1517 4547 1567 4626 id,
1591 4563 1699 4632 usque
1718 4549 1880 4630 praestsre
1892 4542 2048 4630 peterem)
2069 4543 2126 4611 sed
2146 4549 2200 4626 ut,
2227 4545 2255 4611 si
2277 4543 2356 4632 quid

655 4657 658 4660 ’
717 4665 818 4750 ,mihi
838 4663 1018 4736 imminu
1038 4669 1206 4737 accidisset
1225 4665 1335 4755 (multe
1349 4670 1455 4732 autem
1469 4666 1655 4752 impendere
1668 4665 1856 4734 ridebantur
1866 4667 2150 4748 prsetermturan
2160 4668 2356 4751 praeterque

717 4781 852 4870 ,dumi
871 4783 965 4868 hujus
986 4787 1050 4854 diei
1069 4805 1183 4855 rocem
1202 4790 1318 4854 metu
1339 4782 1535 4868 reipublicae
1553 4785 1769 4868 relinquerem
1789 4797 1880 4849 mese
1899 4779 2074 4867 perpetuae
2096 4800 2170 4868 crgo
2189 4799 2227 4849 se
2246 4782 2357 4849 voluu-

719 4901 845 4988 „istmi
866 4919 971 4990 comp.
990 4905 1031 4974 sd
1057 4903 1154 4972 irruit
1176 4901 1283 4988 tm
1314 4899 1464 4976 Ciceroni
1484 4903 1525 4972 ud
1544 4904 1659 4974 urbem
1678 4899 1843 4970 mederi
1863 4901 1951 4970 toute
1969 4899 2158 4986 mullitudo,
2178 4897 2354 4970 utl‘tutar·
