5317 6609
399 792 430 833 0

224 847 241 868 ’
310 871 448 955 maru,
474 875 606 944 midam
631 874 811 946 columnam
835 890 938 964 propa
956 874 1066 961 rigiml
1092 874 1211 960 pedum
1230 869 1343 959 lapidis
1362 869 1520 942 Numidici
1547 874 1581 942 ln
1609 871 1678 941 tom
1705 867 1815 938 statuit
1841 862 1950 934 mseri-

310 995 441 1080 psitque
453 994 612 1062 Pareuti
637 994 743 1061 Patri
748 1013 802 1061 ae.
843 991 957 1064 (icero
970 993 1144 1060 sommum
1157 996 1320 1059 auctorem
1334 997 1456 1064 aetnae
1471 994 1546 1060 lacit
1559 998 1593 1060 et
1605 991 1842 1075 inscriptionem
1857 985 1949 1051 aliter

312 1117 499 1198 conceptam
526 1113 637 1180 habet:
681 1109 831 1196 ,Pareuti
852 1113 972 1197 optime
991 1109 1140 1176 merito.l
1169 1111 1231 1178 cist
1256 1106 1348 1195 epist
1369 1112 1410 1178 ad
1430 1112 1555 1178 familia.
1575 1113 1630 1178 lib.
1660 1109 1716 1190 li,
1742 1107 1773 1175 a.
1825 1105 1951 1190 ,augea

309 1231 394 1304 cum
406 1230 526 1298 amicus
547 1230 688 1297 lirmrem
708 1230 742 1297 iu
762 1229 846 1310 (lies,
872 1230 1012 1313 primum
1032 1228 1065 1295 in
1086 1233 1203 1310 stam,
1229 1248 1324 1314 quam
1345 1233 1453 1314 posuit
1472 1235 1505 1298 in
1526 1233 1652 1309 rostris,
1681 1227 1840 1310 inscripsit
1869 1223 1949 1306 ,Pa-

312 1347 415 1430 ¹,retati
429 1348 550 1433 optime
563 1345 707 1416 merito.¹'
747 1345 919 1432 eonjmau,
939 1347 994 1428 qui
1008 1364 1044 1413 se
1057 1346 1121 1414 hoe
1132 1367 1242 1414 rernm
1254 1352 1339 1414 statu
1352 1347 1473 1416 Romae
1486 1353 1573 1415 tutos
1588 1365 1658 1416 esse
1672 1365 1738 1413 non
1750 1360 1846 1429 posse
1860 1338 1950 1408 iutel-

310 1467 466 1553 ligabant,
486 1469 659 1553 praecipue
681 1483 780 1549 quum
800 1467 959 1535 Antonius
980 1465 1021 1534 ai
1041 1484 1098 1535 eos
1118 1467 1349 1553 perturbandos
1371 1485 1516 1552 magnam
1528 1473 1753 1535 veteranorum
1773 1463 1896 1548 copiam
1917 1461 1950 1526 iu

310 1585 394 1653 urbe
413 1584 608 1670 collegisset,
628 1583 718 1667 illum
730 1581 895 1651 homiuem
907 1583 1065 1669 periclum
1081 1601 1151 1650 esse
1164 1585 1325 1664 viderunt,
1348 1603 1443 1670 quam
1458 1587 1499 1652 ob
1520 1605 1589 1651 rem
1603 1585 1754 1652 Decimus
1766 1582 1883 1649 Brutus
1897 1577 1949 1644 nl·

311 1701 406 1770 binus
420 1704 454 1769 in
472 1701 605 1786 epistola
617 1701 656 1767 ad
668 1701 713 1770 il.
725 1701 861 1771 Brutum
875 1705 909 1769 et
921 1699 1066 1770 Cassium
1080 1701 1152 1768 data
1165 1702 1209 1768 ita
1229 1703 1321 1769 dicit:
1345 1701 1442 1784 „Quo
1462 1703 1497 1770 in
1518 1708 1602 1770 statu
1623 1702 1735 1778 simus,
1758 1697 1949 1782 cognoscite.

315 1820 417 1903 ,Harl
438 1821 522 1904 apud
542 1823 595 1887 me
615 1819 736 1887 llirtim
756 1816 883 1904 (musal
902 1813 1099 1906 designatus)
1120 1819 1194 1898 luit,
1221 1837 1284 1903 qua
1304 1825 1412 1886 mente
1433 1826 1519 1887 esset
1539 1822 1695 1887 Antonius
1717 1815 1948 1893 demonstrarit,

312 1937 474 2021 ,pessima
494 1938 617 2004 scilicet
637 1943 672 2006 et
682 1937 909 2005 infidelissima
935 1935 1016 2007 liam
1030 1956 1067 2005 se
1079 1956 1185 2022 neque
1199 1939 1276 2005 milri
1290 1939 1483 2022 provinciam
1505 1939 1580 2006 dare
1596 1956 1691 2023 posse
1706 1938 1822 2020 ajebat,
1843 1951 1949 2019 neque

245 2099 250 2106 -
312 2055 498 2140 ,ubinam
530 2060 601 2124 tuto
630 2056 664 2123 iu
683 2056 764 2124 urbe
785 2073 857 2124 esse
878 2074 1070 2143 quemquam
1089 2061 1249 2137 nocuum,
1282 2057 1363 2122 adeo
1386 2073 1457 2123 esse
1477 2055 1613 2122 militum
1634 2057 1807 2123 concitatos
1828 2055 1949 2119 ammos

313 2178 373 2258 ,et
391 2173 503 2261 plebis.
546 2173 656 2254 Quum
676 2173 711 2242 iu
730 2173 781 2240 his
802 2175 954 2260 anqustiis
973 2192 1134 2253 versarer,
1168 2172 1319 2260 placitum
1341 2179 1391 2240 est
1410 2173 1503 2255 mihi,
1537 2179 1574 2240 ut
1599 2173 1793 2258 postularem
1820 2170 1950 2255 legatio·

250 2356 255 2362 .
313 2311 412 2376 ,nam
433 2293 567 2359 liberam
587 2291 665 2358 mihi
686 2291 882 2377 reliquisque
901 2292 1033 2371 uostris,
1054 2296 1092 2358 ut
1105 2291 1210 2376 aliqua
1223 2309 1318 2359 causa
1325 2291 1553 2392 ‘proficiscendi
1566 2291 1698 2358 honesta
1713 2285 1947 2374 quaereretur.¹¹

242 2413 250 2426 ’
310 2410 372 2475 vid.
387 2411 427 2476 ad
447 2409 543 2477 iamil.
560 2409 615 2490 ll,
637 2411 667 2476 l.
705 2406 807 2477 Simul
821 2411 856 2476 in
875 2409 937 2478 lrac
957 2409 1092 2496 epistola
1112 2410 1280 2477 consilinm
1299 2427 1394 2477 suum
1416 2409 1567 2488 ostendit,
1587 2407 1637 2475 rel
1658 2409 1856 2492 migrandum
1877 2421 1948 2470 esse
1981 2439 1994 2460 κ

250 2591 253 2594 ,
310 2545 353 2594 ex
372 2527 462 2594 ltalia
483 2525 776 2614 vel‘postulandum
796 2527 960 2614 publicum
980 2509 1173 2613 praesidium
1194 2526 1228 2594 iu
1247 2526 1345 2606 urbe,
1364 2526 1409 2594 it
1422 2526 1540 2594 Brutum
1559 2543 1635 2592 vero
1657 2529 1691 2591 et
1711 2523 1837 2592 Cassius
1857 2540 1948 2626 prae·

309 2651 398 2714 tores
419 2647 458 2713 alo
479 2648 619 2713 Antonio
641 2647 773 2714 consule
795 2651 966 2731 quaerunt,
992 2653 1101 2735 utrum
1120 2647 1226 2731 putet,
1251 2645 1339 2729 ipsos
1359 2645 1393 2710 iu
1412 2644 1493 2710 urbe
1514 2661 1627 2726 magna
1645 2647 1866 2708 veteranorum
1886 2640 1947 2705 tre·

313 2763 444 2846 quentia
463 2766 551 2830 tutos
571 2763 659 2843 lore,
693 2763 780 2847 qnod
801 2781 900 2847 quum
919 2765 1242 2849 communeque,
1276 2763 1430 2846 coniurati
1450 2761 1552 2829 lioma
1578 2762 1738 2840 abierunt,
1770 2760 1947 2827 tichonius

309 2896 348 2946 se
367 2880 502 2948 contraiit
521 2881 555 2946 iu
575 2882 698 2959 Asiam,
720 2896 803 2964 quae
823 2880 984 2966 provincia
1005 2887 1097 2949 anim
1117 2884 1148 2949 ei
1170 2886 1239 2950 arat
1258 2881 1459 2960 demandata,
1479 2880 1519 2947 D.
1532 2880 1649 2949 Brutus
1670 2882 1704 2949 in
1718 2879 1850 2947 Galliam
1871 2880 1948 2945 cite·

238 3062 249 3076 ,,
307 2999 445 3078 nomm,
464 2997 509 3068 il.
523 2999 641 3065 Brutus
662 3003 769 3065 autem
789 3003 825 3066 et
836 2997 963 3068 Cassius
982 3000 1113 3067 Antium
1134 3005 1229 3085 atque
1243 3001 1416 3067 Lanuvium
1437 2998 1571 3084 proiecti
1591 3004 1679 3080 sunt,
1700 2999 1756 3065 uhi
1776 2999 1832 3065 din
1852 2999 1946 3066 otiosi

309 3122 416 3195 erant,
436 3121 475 3184 at
495 3134 537 3184 ex
558 3116 700 3203 epistolis
720 3115 884 3186 Ciceronis
904 3119 945 3185 asi
963 3120 1103 3186 ntumm
1123 3119 1247 3203 scriptis
1267 3122 1365 3202 patet
1403 3118 1576 3197 Antonius,
1595 3121 1765 3202 postquam
1785 3119 1843 3196 ita,
1864 3133 1947 3202 quaa

225 3319 250 3328 ,ῃ
309 3236 344 3302 in
363 3235 470 3301 animo
490 3233 643 3314 hahebat,
658 3212 854 3304 'consecutus
875 3239 940 3318 est,
966 3253 1003 3302 se
1024 3237 1196 3304 maximum
1215 3235 1409 3320 reipublicae
1430 3237 1567 3302 amicum
1588 3253 1660 3303 essa
1680 3235 1851 3314 simulavit,
1872 3252 1946 3302 nam

307 3373 363 3422 res
376 3351 520 3440 'optimos
540 3355 582 3422 ad
601 3358 748 3422 senatum
768 3355 897 3437 desiit,
931 3355 1118 3423 neaeman
1145 3355 1240 3422 etiam
1260 3353 1400 3419 iunditrss
1421 3371 1440 3418 e
1460 3352 1622 3439 republica
1642 3353 1770 3421 susmlit
1789 3354 1946 3422 senentio

239 3479 250 3522 ;
308 3489 383 3553 sua,
412 3489 476 3558 qua
498 3472 539 3540 cla
558 3491 597 3540 re
616 3477 746 3542 senatus
766 3491 843 3541 eum
863 3473 1063 3560 amplissimis
1082 3473 1185 3542 serbis
1204 3469 1341 3539 laudavit
1360 3470 1456 3555 eique
1475 3473 1629 3538 maximas
1649 3473 1764 3556 gratias
1785 3473 1859 3556 egit
1884 3471 1945 3539 vicl.

306 3589 445 3676 Philipp.
467 3591 502 3671 l,
525 3589 576 3658 1³.
629 3590 730 3658 Paulo
749 3596 824 3677 post
841 3591 932 3661 Bruti
952 3597 988 3660 et
1006 3591 1106 3660 cassii
1125 3589 1354 3675 prosectionem
1380 3587 1493 3656 cicero
1515 3607 1643 3675 quoque
1662 3590 1797 3657 Romam
1817 3590 1947 3676 reliquit

235 3691 248 3794 1¹
308 3712 344 3776 et
362 3708 454 3776 initio
466 3706 585 3793 Aprilis
598 3726 654 3775 rus
667 3709 829 3794 protectus
843 3716 908 3788 est,
928 3714 966 3777 ut
977 3709 1064 3777 ullas
1077 3725 1150 3775 suas
1163 3708 1324 3786 lustraret,
1345 3723 1373 3772 ι.
1388 3706 1428 3773 ad
1441 3709 1534 3774 attic
1549 3705 1602 3772 lib.
1617 3708 1674 3786 lt,
1696 3725 1758 3774 uec
1771 3708 1944 3792 quidquam

307 3845 350 3894 co
376 3829 524 3910 tempore
550 3825 689 3893 malebat
714 3845 811 3911 mam
837 3828 998 3906 rusticam,
1032 3828 1123 3913 epist.
1149 3824 1189 3890 ad
1210 3822 1306 3890 lamii.
1328 3823 1392 3902 li,
1410 3822 1471 3907 ii,
1499 3825 1620 3909 ,liceat
1644 3827 1740 3892 modo
1760 3825 1941 3894 nonan!

228 3932 242 4007 ⁶³.
305 3943 358 4014 Ex
377 3943 536 4030 epistolis,
558 3961 636 4028 quas
656 3947 726 4011 tum
746 3941 861 4013 cicero
880 3945 1019 4030 scripsit,
1046 3943 1177 4028 intelligi
1197 3948 1318 4030 potest,
1345 3949 1541 4029 quantopere
1561 3944 1628 4011 otio
1649 3945 1823 4012 amicorum
1844 3947 1943 4012 offen·

239 4065 246 4092 ³
306 4080 362 4129 sus
375 4061 487 4140 iuerit,
514 4061 575 4128 cisi
596 4061 636 4127 ad
661 4061 756 4131 attic
776 4060 830 4128 lib.
854 4061 908 4142 ts,
928 4061 960 4129 c.
979 4060 1039 4140 il,
1059 4065 1212 4140 amman,
1234 4079 1333 4147 quum
1348 4060 1462 4128 eodem
1476 4065 1638 4146 tempore,
1659 4069 1697 4130 ut
1711 4064 1794 4128 cives
1809 4063 1893 4128 iuter
1905 4079 1941 4128 se

307 4179 510 4247 concordiam
537 4182 714 4259 servarent,
746 4183 894 4265 cuperet,
920 4179 1051 4247 Automi
1070 4179 1166 4248 etiam
1187 4181 1356 4247 amicitiam
1382 4182 1522 4248 refluere
1542 4181 1654 4260 voluit,
1690 4183 1782 4267 epist
1809 4182 1849 4247 ad
1868 4181 1941 4247 lam.

305 4297 365 4378 26,
390 4299 448 4367 ii:
484 4299 576 4384 ,Ego
603 4303 711 4366 umen
731 4300 859 4367 Antonii
888 4297 1091 4366 inveteratam
1113 4301 1182 4366 sine
1209 4297 1274 4365 ulla
1301 4299 1478 4366 offensione
1506 4299 1675 4366 amicitiam
1700 4301 1839 4366 retinere
1865 4319 1941 4366 sane

308 4416 422 4504 ,rolo,
449 4417 648 4501 scribamque
668 4417 709 4484 asi
730 4416 838 4485 aum'
893 4416 1037 4485 cauam
1063 4418 1161 4484 caedo
1180 4436 1245 4483 non
1266 4415 1372 4485 solum
1391 4417 1551 4485 liomauos
1571 4419 1746 4502 permultos
1766 4420 1824 4485 scd
1845 4420 1940 4485 etiam

227 4592 230 4630 r
305 4535 416 4605 ltaliae
437 4535 557 4602 incolas
576 4535 793 4622 maximopere
813 4535 946 4602 laetatos
967 4535 1079 4615 luisse,
1101 4533 1215 4603 cicero
1236 4552 1278 4602 ex
1296 4536 1412 4603 itinere
1433 4537 1556 4616 scribit,
1578 4537 1654 4603 dicit
1675 4538 1760 4603 euim
1780 4555 1840 4604 suo
1861 4539 1940 4604 nnt-

224 4632 236 4678 ¹
307 4670 364 4722 co:
393 4651 569 4737 ,Exultant
588 4651 707 4720 laetitia
727 4654 761 4720 in
780 4653 976 4738 municipiis,
1002 4653 1065 4719 dici
1086 4655 1172 4720 euim
1191 4671 1258 4720 nou
1277 4657 1400 4738 potest,
1428 4658 1624 4739 quantopere
1646 4655 1817 4738 gaudeant,
1844 4661 1881 4722 ut
1900 4657 1941 4721 ao

224 4760 231 4781 ‘
308 4790 380 4858 ,me
402 4773 609 4853 concurrant,
637 4776 676 4840 ut
694 4773 805 4841 audire
832 4773 961 4859 cupiant
979 4772 1076 4841 rerba
1100 4790 1173 4840 mea
1192 4789 1232 4840 aa
1257 4771 1298 4839 te
1323 4769 1402 4853 re,l
1433 4790 1528 4856 quam
1554 4772 1597 4837 ob
1625 4790 1752 4840 causam
1784 4774 1939 4854 Antonim
2006 4821 2009 4826 -
2087 4753 2092 4764 ’

201 4974 206 4984 ,
308 4889 444 4962 callidus
470 4889 652 4964 omni-dolo
671 4891 834 4980 tisim,
862 4895 900 4967 ut
919 4891 1087 4969 canalium
1106 4909 1201 4966 mum
1221 4891 1389 4980 madeat,
1410 4909 1474 4980 qua
1490 4908 1529 4963 rc
1549 4895 1656 4965 notas
1676 4893 1735 4962 sub
1756 4893 1842 4962 idem
1861 4897 1939 4960 tem·
